3340 5170
486 418 536 478 De
555 416 894 488 Ooafrcteraitctibas
910 415 1153 474 Ecclesiasticis
1393 413 1430 473 53

230 632 294 676 nos
316 616 358 678 de
381 613 473 676 hisce
495 615 680 694 persuadet
703 616 876 677 decretum
900 615 1136 678 authenticum
1160 634 1193 677 u.
1217 615 1289 679 304.
1333 617 1431 679 Unus

229 722 368 780 tantum
400 717 572 796 excipitur
605 733 714 794 casus,
747 735 876 796 nempe,
909 717 999 796 quod
1031 718 1068 778 in
1100 718 1164 784 illa
1196 717 1339 780 ecclesia
1371 735 1431 780 seu

229 819 389 899 paroecia
403 821 521 882 nullus
536 819 626 882 alius
642 822 741 897 esset,
757 819 816 897 qui
831 820 941 898 possit
956 818 1136 898 destinari,
1151 821 1187 882 et
1202 821 1285 882 tunc
1301 836 1339 882 eo
1355 819 1430 897 ipso

231 924 321 1000 quod
338 922 529 1000 Episcopus
546 921 596 983 ibi
611 921 715 999 erigit
733 921 969 999 sodalitatem,
989 921 1094 985 tacite
1113 921 1249 984 videtur
1266 924 1430 986 rectorem

231 1023 410 1101 designare
428 1024 588 1090 ecclesiae
605 1027 787 1102 pastorem,
804 1042 872 1085 non
890 1026 967 1102 jure
986 1042 1049 1096 suo
1066 1025 1204 1104 utendo,
1221 1026 1282 1088 sed
1303 1023 1430 1087 Sodali-

232 1125 316 1187 tatis
333 1127 538 1188 necessitate
554 1130 719 1189 rectorem
736 1125 913 1205 exigentis.

272 1229 419 1308 Insuper
436 1228 649 1290 declaratum
667 1232 729 1307 est,
748 1229 970 1291 ordinarium
988 1231 1145 1308 delegare
1162 1246 1261 1308 posse
1279 1247 1346 1309 qua
1364 1247 1430 1292 rec-

228 1332 320 1392 tores
343 1329 679 1394 contraternitatum
701 1347 771 1392 non
791 1332 902 1393 solum
924 1333 1106 1410 Parochos,
1129 1331 1316 1396 sedetiam
1336 1333 1429 1394 che

231 1432 453 1510 mosynarios,
482 1432 685 1510 Capellanos
711 1432 1004 1495 communitatum
1031 1434 1084 1498 vel
1112 1435 1264 1496 locorum
1290 1433 1430 1496 Piorum

231 1535 342 1610 quoad
366 1533 678 1598 confraternitates
701 1535 737 1597 in
761 1535 913 1599 ecclesiis
937 1535 1022 1614 ipsis
1046 1536 1251 1600 concreditis
1275 1537 1430 1614 indepen-

231 1637 351 1698 denter
367 1654 390 1698 a
406 1638 569 1714 Parocho,
586 1639 639 1701 vel
655 1637 759 1700 etiam
775 1638 933 1701 vicarios
950 1637 1192 1700 Parochorum.

271 1738 301 1798 4.
324 1737 414 1810 Quia
434 1739 632 1817 contingere
649 1741 753 1802 facile
772 1744 896 1820 potest,
916 1745 957 1803 ut
977 1743 1102 1804 Rector
1122 1741 1430 1805 confraternitatis

236 1839 319 1917 (cui,
340 1839 394 1902 uti
414 1839 571 1920 vidimus,
593 1858 662 1903 non
682 1842 845 1921 competit
865 1841 940 1904 siue
960 1842 1102 1920 speciali
1122 1843 1260 1906 indulto
1279 1845 1431 1923 sccaltos

230 1939 490 2021 subdelepoodi)
522 1942 754 2021 prohibeatur,
780 1944 960 2021 quominus
986 1944 1143 2006 Rectoris
1168 1944 1287 2007 munia
1311 1945 1430 2024 exequi

230 2059 290 2120 per
312 2060 349 2106 se
369 2043 489 2123 possit,
512 2048 668 2122 praestat
689 2061 846 2123 expresse
868 2047 1045 2124 postulare
1067 2047 1110 2108 ab
1132 2045 1312 2125 Episcopo,
1333 2048 1386 2109 vel
1409 2065 1430 2110 a

230 2145 391 2207 Generali
410 2145 552 2207 Ordinis
572 2151 635 2208 aut
654 2147 696 2208 ab
717 2146 1122 2226 Archiconfraternitate,
1143 2150 1340 2226 respective,
1360 2167 1430 2212 una

230 2263 306 2308 cum
329 2246 516 2325 diplomate
536 2247 718 2310 erectionis
739 2249 793 2310 vel
814 2248 1079 2327 aggregationis,
1101 2249 1206 2311 etiam
1227 2250 1430 2328 fucultatem

228 2365 291 2426 pro
325 2351 475 2415 Rectore,
505 2350 748 2428 subdelepcndi
784 2351 891 2411 oliam
927 2351 1137 2412 sacerdotem
1173 2351 1217 2413 ad
1252 2350 1430 2430 praedicta

230 2450 347 2512 munia
364 2451 438 2513 loco
453 2451 609 2513 Rectoris
625 2452 850 2514 exercenda.⁶⁰

272 2553 437 2616 Praelata
466 2553 617 2616 facultas
646 2553 890 2632 subdelegandi
919 2555 1026 2616 alium
1059 2554 1275 2618 Sacerdotem
1305 2556 1349 2617 ad
1378 2572 1430 2616 ex·

230 2655 355 2733 plenda
389 2655 508 2718 numia
542 2655 732 2717 Directoris
767 2672 927 2718 concessa
961 2661 1015 2718 est
1049 2657 1238 2735 generatim
1272 2659 1429 2720 omnibus

229 2756 467 2820 Directoribus
483 2757 766 2836 congregationis
782 2759 822 2819 Β.
839 2758 972 2820 Mariae
986 2744 1143 2836 Virginis
1160 2763 1195 2822 et
1210 2761 1327 2843 Bonae
1343 2761 1430 2822 Mor-

229 2859 287 2937 tis,
320 2875 408 2938 quae
438 2860 591 2937 legitime
623 2864 829 2938 aggregatae
860 2860 993 2923 fuerint
1026 2861 1210 2924 Primariis
1243 2860 1429 2940 Congrega-

228 2961 382 3024 tionibus
398 2961 562 3024 Romanis
578 2962 729 3040 ejusdem
745 2961 894 3024 nominis
910 2965 945 3024 et
961 2962 1128 3025 instituti.
1166 2964 1221 3024 En
1238 2964 1340 3026 verba
1356 2981 1429 3027 con·

227 3064 409 3126 cessionis:
453 3111 461 3125 .
506 3109 514 3126 .
558 3110 565 3126 .
609 3065 657 3126 Ut
685 3081 727 3125 ex
755 3063 920 3126 rationali
948 3081 1052 3126 causa
1082 3065 1192 3126 alium·
1219 3064 1285 3126 sibi
1316 3064 1428 3127 Sacer·
1509 3121 1512 3126 ,

228 3167 299 3227 dos.
344 3212 351 3227 .
396 3213 404 3227 .
449 3212 456 3228 .
499 3166 710 3228 substituere
741 3165 851 3244 possit
884 3167 929 3229 ad
964 3166 1176 3245 recipiendos
1211 3167 1336 3246 fideles,
1370 3168 1428 3246 qui

228 3267 378 3330 adscribi
395 3267 602 3346 desiderant,
619 3269 663 3330 ad
680 3267 909 3331 benedicenda
926 3268 1146 3348 numismata,
1163 3272 1199 3332 et
1217 3269 1287 3333 alia
1304 3271 1428 3350 praesi-

228 3370 309 3431 dum
329 3369 447 3433 munia
466 3370 690 3432 exercenda.⁸¹

495 3538 572 3599 Art.
592 3537 736 3600 II.—De
755 3539 960 3614 Receptiooe
981 3539 1160 3602 sodalium

270 3674 299 3733 1.
323 3671 619 3734 confraternitate
662 3672 732 3750 jam
776 3673 937 3735 canonice
980 3677 1094 3736 erecta
1137 3671 1428 3755 indulgentiisque

210 3773 352 3852 ditata,
374 3777 414 3835 ut
436 3774 552 3836 fideles
573 3775 615 3836 dc
635 3775 679 3835 iis
702 3774 904 3837 coelestibus
925 3775 1102 3838 favoribus
1124 3777 1335 3856 participare
1356 3795 1427 3856 pos-

174 3873 175 3880 ’
227 3876 310 3954 sint,
340 3892 475 3937 necesse
503 3879 556 3938 est
583 3876 763 3962 utipsam
792 3876 1122 3940 confraternitatem
1153 3897 1213 3941 seu
1243 3878 1428 3958 Congrege-

227 3978 355 4040 tionem
390 3977 641 4055 ingrediantur.
688 3978 874 4040 Praefatae
906 3978 996 4040 enim
1031 3979 1277 4058 indulgentiae,
1312 3984 1352 4042 ut
1387 3998 1429 4043 ex

227 4080 386 4158 pluribus
407 4079 441 4141 S.
463 4079 561 4141 Sedis
582 4079 810 4141 decisionibus
831 4082 978 4159 constat,
998 4081 1163 4142 lucrifieri
1184 4099 1253 4142 non
1273 4086 1427 4160 possunt,

227 4182 298 4243 nisi
318 4183 361 4244 ab
382 4182 432 4244 eis
453 4181 621 4260 fidelibus,
644 4183 702 4260 qai
723 4179 873 4260 le'pitime
895 4183 1063 4259 adscripti
1085 4183 1217 4260 suerint
1238 4183 1277 4244 ic
1299 4184 1428 4262 contro-

227 4285 437 4346 teraitotem.
475 4285 578 4346 Patet
594 4284 656 4344 hoc
671 4282 876 4361 praeprimis
892 4301 933 4345 ex
949 4284 1086 4345 decreto
1101 4284 1300 4347 authentico
1317 4303 1349 4346 n.
1366 4283 1429 4347 298

262 4467 280 4493 ‘⁰
290 4464 448 4515 Decretum
462 4463 478 4514 3
494 4463 665 4514 Decembris
681 4463 759 4522 1892,
775 4464 853 4523 apud
869 4465 962 4515 Nouv.
978 4464 1078 4516 Theoi.
1095 4466 1164 4515 tom.
1181 4466 1271 4525 XXV,
1286 4478 1351 4527 pag,
1368 4468 1425 4521 139.

261 4533 280 4561 ⁸¹
290 4532 334 4583 ct.
351 4533 509 4584 Decretum
525 4545 561 4582 ex
578 4532 625 4584 die
642 4534 657 4584 b
674 4531 830 4584 Februarii
848 4533 917 4585 1748
933 4533 972 4584 ad
988 4534 1172 4592 prooemium
1189 4537 1219 4587 ot
1235 4535 1273 4587 ad
1290 4536 1401 4588 3-ιιιιι,
