3336 5166
251 376 288 434 74
507 377 557 433 De
576 376 915 448 Goasraternitotiboa
931 377 1174 435 Eccleeioatteie

251 575 350 653 cnjus
374 574 515 635 moralis
538 574 690 653 corporis
714 574 915 653 gubernium
939 574 1139 653 respiciunt,
1163 558 1353 654 peculiares
1378 592 1452 636 con-

248 677 449 738 stitutiones
462 676 505 737 ab
517 674 749 737 ecclesiastica
761 675 971 738 auctoritate
983 676 1193 755 approbatae
1204 677 1261 754 ius
1273 677 1452 756 proprium

249 779 360 856 ipsius
383 778 473 839 entis
497 777 660 850 conficere
690 779 835 866 (erues),
860 778 905 839 ad
929 769 1028 854 cnjus
1052 777 1211 839 tramites
1234 778 1451 856 quaestiones

250 885 332 943 sunt
349 880 633 942 dirimendae.’'¹⁰⁶

372 1031 449 1092 Art.
471 1031 625 1093 VL-De
643 1031 790 1092 duribus
808 1035 843 1092 et
862 1031 1130 1109 oblipotiootbua
1149 1031 1327 1093 sodalium

291 1166 478 1240 Tamquam
497 1165 637 1226 effectus
659 1164 831 1241 legitimae
851 1164 1094 1252 adscriptionis
1115 1164 1300 1228 obveniunt
1322 1166 1452 1227 Sodali-

248 1266 312 1328 bus
345 1266 442 1327 varia
473 1265 553 1343 jura
584 1270 619 1327 et
650 1265 841 1345 privilegia,
873 1267 1075 1346 praesertim
1108 1284 1308 1330 numerosae
1340 1269 1449 1329 indul-

249 1368 395 1445 gentiae,
437 1368 468 1428 si
511 1367 646 1430 debitae
688 1373 867 1430 serventur
908 1369 1121 1431 conditiones
1163 1386 1225 1446 pro
1266 1387 1449 1448 earumque

249 1469 527 1546 acquisitionem*
961 1482 963 1486 ·

291 1573 342 1633 De
360 1570 591 1649 Indulgentiis
609 1571 719 1632 dicam
737 1571 993 1650 incapiteX13
1013 1589 1103 1634 nunc
1121 1575 1236 1634 autem
1253 1576 1390 1634 tantum
1408 1574 1449 1635 de

248 1673 516 1750 obligationibus
538 1672 725 1734 Sodalium.
765 1689 766 1692 ’

291 1777 472 1853 Ingressus
492 1775 609 1857 itaque
629 1774 666 1835 in
686 1775 837 1852 aliquam
859 1774 1189 1837 Confraternitatem
1210 1780 1262 1838 est
1283 1776 1382 1839 actus
1402 1794 1449 1838 re

248 1877 402 1954 ligiosus,
422 1880 456 1937 et
475 1881 574 1938 actus
593 1875 742 1954 alicujus
761 1877 933 1954 momenti,
953 1881 1163 1955 quapropter
1183 1895 1252 1938 non
1271 1879 1407 1940 deberet
1427 1897 1448 1940 a

249 1978 539 2041 christifidelibus
556 1979 808 2039 inconsiderate
824 1995 897 2040 esse
913 1979 1057 2056 positus,
1075 1979 1134 2040 sed
1149 1996 1190 2041 ex
1206 1979 1263 2057 pio
1279 1979 1449 2041 desiderio

248 2085 282 2142 et
296 2081 399 2159 plena
412 2097 488 2141 cum
503 2077 748 2141 deliberatione
761 2064 964 2141 observandi
978 2083 1114 2142 statuta
1128 2080 1447 2143 confraternitatis.

248 2183 301 2242 Ex
315 2182 392 2259 ipsa
405 2198 521 2243 eorum
536 2181 573 2242 in
587 2181 917 2243 Confraternitatem
932 2181 1165 2260 adscriptione
1179 2182 1316 2259 exurgit
1332 2184 1448 2260 aliquo

247 2289 343 2346 certo
360 2284 526 2362 oblipotto
543 2282 702 2344 servandi
720 2285 865 2359 statuta,
883 2283 1032 2344 adeundi
1051 2283 1191 2372 comitia
1211 2300 1341 2346 necnon
1359 2300 1448 2345 exer-

248 2386 379 2447 citandi
402 2403 475 2470 sese
497 2385 534 2445 in
556 2385 715 2463 operibus
736 2384 879 2463 pietatis
900 2389 935 2446 et
958 2385 1159 2462 charitatis;
1183 2386 1303 2464 paucis
1326 2385 1447 2463 verbis,

249 2489 408 2551 deberent
436 2487 629 2550 executioni
657 2487 821 2548 mandare
848 2487 1091 2565 promissiones
1120 2489 1175 2549 die
1203 2488 1447 2567 adscriptionis

248 2592 370 2667 iactas,
393 2593 432 2651 ut
454 2589 577 2651 merita
598 2588 763 2650 bonorum
785 2605 925 2665 operum
947 2592 1086 2668 possent
1106 2589 1172 2650 sibi
1195 2607 1392 2669 comparare
1413 2594 1453 2652 et

248 2692 435 2770 participes
456 2689 530 2752 lieri
550 2691 786 2768 spiritualium
806 2689 998 2773 gratiarum
1018 2689 1105 2769 ipsis
1125 2691 1283 2769 operibus
1304 2693 1448 2754 adnexa·

248 2812 334 2855 rum.
371 2792 639 2870 Dixi'superius,
655 2793 744 2870 quod
761 2809 802 2852 ex
818 2778 1052 2868 adscriptione
1066 2792 1203 2870 exurgit
1220 2795 1337 2871 aliqua
1354 2799 1449 2855 certo

248 2896 424 2972 obligatio,
443 2893 524 2972 quia
543 2877 831 2971 praescriptiones
851 2896 885 2954 et
905 2894 1041 2954 statuta
1060 2894 1235 2955 variarum
1254 2893 1448 2956 Oonirater-

152 3055 161 3068 ,
248 2997 399 3058 nitatum
429 3000 464 3056 et
495 2995 762 3057 associationum
793 2990 861 3054 uon
891 2994 1046 3071 obligant
1076 2994 1139 3055 sub
1170 2998 1318 3073 peccato.
1370 2997 1448 3057 Non

248 3097 404 3175 sequitur
431 3101 547 3158 tamen
573 3113 615 3157 ex
641 3112 690 3173 eo,
718 3096 808 3173 quod
837 3095 987 3175 membra
1015 3095 1324 3159 Confraternitatis
1352 3098 1448 3159 nullo

247 3200 347 3260 modo
365 3200 409 3260 ad
427 3197 679 3260 observantiam
698 3200 909 3285 statutorum
929 3197 1099 3258 adstricta
1118 3181 1204 3258 sint}
1240 3197 1449 3260 Contractus

247 3301 337 3363 enim
355 3301 407 3362 vel
423 3299 522 3378 quasi
539 3300 737 3361 contractus
754 3299 879 3376 iactus,
897 3303 1067 3360 momento
1083 3299 1338 3378 adscriptionis,
1356 3293 1449 3363 inter

248 3403 382 3465 noviter
408 3385 627 3479 'adscriptum
662 3401 812 3462 sodalem
847 3403 893 3461 et¹
918 3399 1258 3480 Confraternitatem,
1294 3403 1448 3465 continet

248 3509 340 3567 certe
365 3503 395 3564 si
420 3520 487 3565 non
514 3502 671 3564 strictam
697 3501 949 3579 obligationem,
976 3519 1077 3579 quam
1105 3503 1220 3564 fideles
1247 3487 1462 3566 contrahere·

247 3624 316 3667 non
339 3599 623 3684 praesumuntur‚'
639 3605 683 3665 ad
706 3602 819 3665 minus
842 3603 993 3681 aliquam
1015 3600 1257 3681 obligationem
1280 3622 1322 3666 ex
1344 3606 1448 3667 fideli·

246 3713 330 3784 tate,
349 3725 450 3785 quam
469 3707 585 3767 fideles
603 3709 696 3767 certo
715 3722 784 3765 non
802 3705 963 3766 deberent
981 3703 1084 3766 facile
1102 3694 1281 3783 negligere
1322 3707 1448 3768 Omnes

247 3809 431 3872 admittere
451 3808 583 3885 debent,
603 3808 693 3885 quod
711 3807 810 3868 valde
829 3805 965 3887 difficile
978 3798 1032 3866 ¹sit
1051 3805 1180 3894 limites
1200 3807 1304 3885 hujus
1323 3793 1448 3886 obliga-

247 3911 353 3973 tionis
376 3909 621 3984 determinare3
645 3907 807 3986 possibile
828 3910 944 3968 tamen
965 3907 1033 3969 erit
1055 3906 1229 3986 aliquibus
1250 3908 1288 3968 in
1311 3909 1448 3970 casibus

246 4011 516 4092 particularibus
537 4027 594 4072 eos
615 4010 766 4086 definire,
787 4009 924 4086 quando
943 4008 1207 4068 considerantur
1227 4013 1361 4069 attente
1381 4013 1448 4068 sta-

246 4119 325 4176 tuta
352 4112 620 4190 uniuscuiusque
646 4109 860 4186 Sodalitatis
885 4107 1088 4187 praesertim
1114 4108 1144 4169 si
1171 4109 1208 4168 in
1232 4109 1449 4172 antecedenti

247 4219 383 4278 statuta
421 4213 653 4276 determinant
691 4211 858 4290 quomodo
897 4209 1102 4272 Sodalitatis
1140 4211 1338 4273 Moderator
1374 4228 1449 4274 sese

281 4403 393 4462 ¹⁰·Acta
410 4411 438 4461 S.
457 4395 623 4468 Sedis,'vol.
640 4409 691 4465 XI,
709 4421 774 4468 pag.
791 4407 852 4459 203.

281 4481 432 4537 ¹⁰'Werna
449 4479 530 4529 Τοιιι.
549 4479 602 4537 ΙΙΙ,
620 4490 648 4529 n.
666 4477 726 4528 713.
