3336 5166
706 672 855 736 OAPUI
869 673 941 734 VII

483 823 526 868 nr
541 823 794 869 searrnsrronn
810 822 1167 869 conrnsrnnrurnrurr

270 940 299 1002 1.
322 938 601 1001 Oonlraternitas
625 941 805 1018 aggregari
830 944 943 1018 potest
967 939 1367 1020 Archiconiraternitati,
1392 945 1427 1005 et

227 1057 288 1120 per
308 1041 412 1104 istam
432 1041 708 1119 aggregationem
730 1040 950 1121 consequitur
968 1059 1009 1105 ea
1029 1041 1220 1121 pririlegia,
1241 1043 1427 1105 facultates

227 1161 268 1206 ac
285 1143 374 1206 allas
392 1142 593 1223 spirituales
611 1144 744 1221 gratias
762 1161 802 1206 ac
820 1143 1011 1220 indultam
1029 1161 1117 1223 quae
1134 1143 1426 1207 Archiconlrater-

228 1245 333 1308 nitati
350 1245 552 1325 aggreganti
575 1247 654 1323 (ant
671 1244 795 1308 Ordini
811 1245 881 1308 sive
897 1246 1098 1308 instituenti
1115 1246 1186 1308 sive
1203 1246 1421 1325 aggreganti)

228 1347 430 1410 nominatim
448 1352 483 1409 et
501 1348 538 1408 In
556 1347 668 1428 specie
685 1350 821 1410 statuta
839 1352 922 1410 sunt
946 1348 1031 1424 (non
1048 1365 1099 1425 ea,
1116 1347 1239 1427 quihus
1258 1349 1349 1410 forte
1367 1363 1428 1426 per

227 1449 444 1529 privilegium
468 1449 787 1512 communicationis
809 1450 968 1528 gaudet),
992 1454 1027 1512 et
1049 1449 1427 1512 Archiconlraternitas

228 1551 520 1614 Confraternitati
534 1568 693 1629 expresse
707 1555 743 1613 et
757 1550 796 1611 in
812 1551 923 1628 specie
938 1549 1248 1612 communicaverit.

269 1653 372 1715 Patet
398 1653 461 1714 hoc
487 1670 528 1715 ex
556 1652 812 1715 Oonstitutione
840 1651 1025 1714 Clementis
1051 1653 1154 1731 VIII,
1181 1653 1241 1714 ubi
1268 1653 1306 1715 in
1331 1670 1427 1732 para·

95 1759 109 1779 “
227 1754 358 1832 grapho
374 1755 424 1816 IV
437 1755 479 1816 de
493 1755 556 1816 hoc
569 1754 734 1834 loquitur.
762 1754 922 1832 Idemque
937 1754 1135 1817 declaratur
1149 1755 1187 1817 in
1202 1772 1289 1816 novo
1304 1755 1428 1817 Codice

226 1857 326 1918 duris
348 1856 513 1918 canonici
534 1872 607 1918 can.
629 1855 701 1934 722,
722 1857 939 1935 paragrapho
961 1858 997 1918 1:
1041 1857 1128 1917 “Per
1150 1854 1427 1934 aggregationem

228 1957 524 2020 communicantur
540 1975 656 2020 omnes
672 1957 919 2037 indulgentiae,
936 1957 1116 2037 privilegia
1133 1961 1168 2019 et
1187 1958 1276 2020 aliae
1294 1958 1427 2037 gratiae

228 2059 428 2137 spirituales
440 2059 738 2121 communicabiles
752 2077 839 2137 quae
849 2059 1072 2121 associationi
1083 2060 1286 2137 aggreganti
1299 2059 1428 2121 directe

227 2164 263 2223 et
278 2159 481 2222 nominatim
498 2179 519 2223 a
537 2161 623 2222 Sede
637 2161 836 2240 ApostoIIca
853 2178 1031 2224 concessae
1047 2162 1180 2224 fuerint
1196 2162 1250 2223 vel
1265 2163 1304 2223 iu
1320 2166 1427 2242 poste

228 2279 304 2323 rum
321 2263 562 2339 concedantur,
580 2262 649 2323 nisi
665 2263 761 2325 aliud
777 2263 815 2323 iu
831 2263 968 2324 indulto
986 2263 1175 2341 apostoIIco
1193 2263 1385 2326 caveatur.”

269 2364 299 2426 2.
322 2364 428 2427 Nulla
449 2351 638 2446 associatio¹
653 2368 767 2443 potest
788 2363 863 2426 sine
883 2365 1072 2443 apostolico
1093 2365 1230 2427 indulto
1251 2366 1340 2427 alias
1361 2365 1427 2427 sibi

228 2466 339 2528 valide
358 2466 594 2545 aggregare.²⁸⁶

269 2569 367 2642 Quod
397 2571 550 2646 potestas
579 2585 658 2630 vero
688 2553 896 2647 aggregandi
927 2567 1065 2630 concedi
1095 2571 1208 2647 potest
1238 2569 1376 2630 tantum
1407 2587 1428 2630 a

227 2670 381 2732 Romano
404 2670 572 2731 Pontiflce
593 2669 696 2731 facile
718 2670 858 2749 probari
882 2671 1265 2748 potest:-Aggregatio
1289 2670 1428 2750 proprie

228 2772 321 2833 dicta
340 2770 430 2833 idem
450 2776 503 2833 est
522 2789 562 2834 ac
582 2771 845 2833 communicatio
865 2771 1159 2849 indulgentiarum
1179 2775 1214 2834 et
1235 2773 1427 2850 gratiarum

228 2873 481 2952 spiritualium
515 2873 575 2934 ille
607 2889 687 2951 ergo
720 2872 940 2950 solummodo,
974 2873 1034 2951 qni
1065 2873 1359 2950 Indulgentiarum
1393 2878 1428 2935 et

227 2973 463 3054 spiritualium
475 2975 632 3036 favorum
644 2975 723 3036 fons
735 2979 788 3036 est
801 2991 920 3052 nempe
931 2974 1106 3037 Romanus
1119 2975 1300 3052 Pontiilex,
1314 2978 1429 3053 potest

228 3077 473 3166 concederent
497 3077 586 3137 istae
610 3075 744 3155 gratIae
767 3075 968 3155 spirituales
991 3093 1031 3138 ac
1056 3067 1292 3160 indulgentiae
1316 3081 1428 3138 exten·

228 3180 358 3240 dantur
383 3178 487 3240 etiam
514 3178 558 3238 iis
585 3177 950 3255 Confraternitatibur,
977 3178 1126 3257 quaein
1154 3178 1327 3256 primaeva
1354 3196 1428 3240 con-

226 3280 378 3342 cessione
398 3297 466 3341 non
485 3280 629 3341 fuerunt
648 3280 898 3358 contemplatae
919 3297 958 3341 ac
979 3280 1249 3364 comprehensae.
1291 3279 1366 3342 Hac
1387 3280 1428 3342 de

228 3381 363 3445 ratione
384 3381 537 3443 Romano
560 3381 722 3442 Pontifici
745 3381 928 3459 porrIgunt
950 3397 1067 3459 preces
1089 3380 1171 3442 illae
1195 3380 1428 3443 Oonfraterni·

228 3488 318 3546 tates
334 3501 421 3562 quae
437 3484 481 3545 ad
499 3483 643 3560 gradum
661 3481 1068 3545 Archiconfraternitatis
1085 3482 1211 3544 elevari
1230 3483 1427 3544 desiderant

227 3603 267 3648 ac
294 3585 444 3664 recipere
469 3587 650 3663 propterea
675 3584 879 3646 facultatem
905 3583 993 3645 alias
1020 3583 1334 3646 Confraternitates
1361 3582 1428 3646 sihi

228 3687 445 3766 aggregandi.

270 3789 394 3851 Gratia
422 3789 514 3865 haec,
541 3787 678 3866 quando
705 3786 913 3864 conceditur,
942 3786 1214 3848 communicatur
1241 3787 1427 3864 aliquando

227 3907 289 3971 per
300 3889 437 3952 litteras
451 3889 668 3968 apostolicas,
681 3889 734 3950 uti
747 3888 879 3950 factum
892 3891 945 3950 est
958 3904 1021 3967 pro
1033 3887 1429 3950 ArchiconIraternitate
1466 3882 1468 3884 ’

227 3994 349 4056 saneti
370 3993 468 4054 Petri
492 3992 537 4053 od
559 3991 698 4052 cimela
720 3989 908 4067 Itomae;¹⁸⁸
933 3989 1118 4067 aliquando
1143 4006 1222 4050 vero
1247 3989 1428 4051 communi-

227 4099 328 4157 catur
354 4110 415 4172 per
442 4094 624 4154 Decretum
654 4091 779 4154 Sacrae
806 4090 1090 4168 CongregatIonis
1118 4091 1366 4169 Episcoporum
1392 4094 1428 4153 et

227 4196 460 4274 Regularium,
488 4199 591 4273 prout
616 4194 747 4255 factum
774 4195 827 4254 est
853 4209 915 4271 pro
940 4192 1337 4254 Archiconfraternitate
1365 4193 1428 4252 Im-

261 4344 399 4402 ¹“01ettl,
417 4355 462 4401 op.
480 4343 529 4393 olt.
546 4344 579 4395 V.
597 4340 926 4397 confraternltas.—De
944 4339 1163 4399 aggregatione.

261 4413 289 4440 ¹⁸⁸
298 4411 399 4463 Novus
416 4411 513 4462 Codex
530 4411 614 4462 Jurls
631 4409 770 4468 cananei,
787 4422 851 4461 can.
869 4410 929 4467 721,
947 4409 1134 4468 paragrapho
1152 4409 1197 4460 10.

261 4483 289 4509 ¹⁸·
298 4481 449 4538 Analecta,
469 4481 520 4538 1x,
540 4480 617 4532 1024.

261 4589 296 4636 94
