3336 5166
227 422 265 481 86
483 425 538 492 De
553 423 892 498 confraterattuts'huo
908 425 1151 522 Ecclesioats'ois

220 616 305 678 video
329 616 468 679 illorum
492 634 677 680 consensus
700 619 890 700 praestitus
914 625 1014 684 extra
1037 621 1343 701 congregationem,
1368 640 1429 684 seu

228 718 419 797 collegium,
436 736 505 782 non
522 720 787 799 sumpturae

270 820 473 900 Requiritur
487 821 633 902 denique
647 822 685 885 in
700 823 806 886 tertio
820 824 895 886 loeo
911 840 974 903 pro
990 825 1104 887 dando
1120 829 1199 887 voto
1215 824 1253 887 in
1269 824 1429 901 comitiis,

229 925 269 985 ut
285 922 363 1002 quis
381 923 505 986 habeat
521 923 578 1003 J‘us
595 942 617 988 a
634 925 780 988 statutis
797 924 1009 1004 recognitum
1027 926 1134 988 dandi
1151 929 1279 988 votum.
1308 927 1429 1001 Quam·

228 1016 282 1086 ris
300 1024 391 1087 enim
423 1042 465 1088 ex
496 1025 615 1110 regula
645 1025 796 1104 generali
828 1044 944 1089 omnes
976 1028 1111 1090 sodales
1143 1032 1340 1107 praesentes
1371 1027 1429 1107 ius

229 1126 393 1189 haherent
446 1127 554 1190 dandi
607 1131 734 1205 votum,
788 1128 1037 1207 permultarum
1092 1129 1428 1192 confraternitatum

229 1231 364 1295 statuta
379 1229 563 1292 nonnullos
578 1230 713 1292 sodales
729 1247 750 1292 a
766 1231 880 1292 dando
896 1234 975 1292 voto
990 1231 1188 1308 excludunt,
1205 1231 1258 1292 vel
1273 1232 1318 1294 ad
1333 1229 1429 1309 puni·

227 1331 333 1392 andos
359 1331 493 1411 aliquos
518 1325 673 1394 detectus
698 1333 751 1394 vel
778 1333 822 1395 ad
849 1332 1086 1410 castigandam
1113 1333 1299 1395 multorum
1327 1332 1428 1410 negli-

228 1433 379 1511 gentiam
396 1433 434 1498 in
446 1433 644 1497 assistendo
661 1433 849 1497 ardinariis
865 1435 1024 1512 comitiis,
1042 1436 1095 1496 vel
1111 1434 1256 1513 denique
1272 1437 1317 1498 ad
1334 1435 1429 1498 effor-

228 1535 388 1598 mandam
425 1535 533 1598 veluti
569 1537 752 1615 quamdam
790 1536 1017 1600 hierarchiam
1055 1538 1093 1600 in
1130 1539 1427 1602 confraternitate.

229 1637 373 1700 Statuta
394 1638 477 1701 haec
498 1638 634 1701 iaciunt
653 1640 761 1716 legem
783 1638 917 1718 vimque
936 1638 1023 1718 legis
1045 1638 1173 1702 hahent
1195 1655 1258 1719 pro
1281 1656 1428 1719 unaqua-

227 1756 293 1820 que
308 1740 587 1818 correspondenti
603 1740 840 1804 sodalitate.¹⁸⁷

270 1841 390 1905 Ohiter
405 1841 594 1905 notandum
609 1846 673 1921 est,
689 1843 897 1922 quodetiam
912 1845 1041 1906 iratres
1057 1845 1221 1924 germani,
1235 1849 1271 1908 et
1286 1844 1442 1920 sobrini,·

228 1944 299 2007 sire
314 1943 418 2008 etiem
434 1944 553 2024 patrui
568 1961 608 2008 ac
625 1949 765 2023 nepotes
780 1962 850 2008 non
866 1945 1092 2024 prohihentur
1106 1963 1222 2008 omnes
1239 1947 1322 2009 dare
1338 1949 1428 2022 vota,

227 2045 300 2109 sive
320 2045 497 2125 suffragia,
519 2045 587 2108 nisi
608 2047 721 2109 obstet
741 2046 897 2126 legitima
919 2049 1139 2126 consuetudo,
1161 2052 1224 2112 ant
1245 2052 1428 2126 statutum,

228 2149 318 2227 quod
338 2153 453 2224 tamen
472 2151 562 2211 esset
581 2148 765 2232 laudabile,
783 2153 846 2212 aut
866 2147 934 2210 nisi
954 2153 1114 2228 ageretur
1134 2151 1175 2211 de
1194 2149 1359 2212 interesse
1378 2166 1428 2212 eo

228 2252 381 2314 rumdem
402 2251 731 2329 consanguineorum
751 2251 789 2314 in
808 2249 919 2330 primo
938 2256 974 2314 et
993 2253 1141 2314 secundo
1161 2252 1323 2332 gradu.²³⁸

277 2385 327 2462 (e)
357 2385 531 2464 Quaenam
553 2387 600 2448 ait
622 2387 674 2448 ota
695 2387 945 2448 resolutionem
965 2387 1004 2448 ia
1026 2387 1175 2450 comitiis
1195 2393 1385 2466 ceptorum.

185 2505 186 2508 ’
270 2505 369 2578 Quod
381 2508 515 2583 spectat
527 2505 672 2585 denique
683 2505 751 2568 vim
764 2505 1011 2568 resolutionum
1024 2507 1061 2569 in
1074 2507 1224 2570 comitiis
1238 2511 1428 2586 captarum,

228 2607 311 2668 haee
335 2606 509 2669 sufficiunt
534 2624 621 2686 quae
645 2607 869 2670 inveniuntur
893 2609 931 2670 in
956 2609 1176 2688 responsione
1203 2609 1237 2672 S.
1264 2611 1301 2673 0.
1328 2610 1364 2674 C.
1390 2611 1428 2673 in

227 2708 387 2772 Balneor.
435 2710 476 2770 16
503 2708 712 2788 Septembris
739 2711 832 2788 1769,
860 2712 1055 2791 paragraph
1081 2713 1120 2774 4:
1169 2711 1428 2777 “Resolutiones

228 2814 409 2874 emanatas
424 2829 446 2874 a
461 2811 637 2874 sodalibus
652 2810 826 2890 legitimae
842 2812 1127 2891 congregationis,
1143 2818 1179 2877 et
1194 2832 1236 2876 ex
1252 2814 1428 2892 suffragio·

228 2909 305 2975 rum
324 2912 528 2992 pluralitate
544 2913 671 2976 hahent
689 2913 756 2976 vim
775 2919 974 2978 contractus
994 2915 1233 2996 praecisaeque
1252 2915 1428 2996 obligatio

228 3014 294 3092 nis,
308 3031 348 3077 ac
362 3015 460 3077 netas
473 3014 617 3094 proinde
630 3020 684 3078 est
697 3016 740 3078 ab
754 3016 803 3079 eis
817 3017 981 3080 recedere.
1017 3018 1166 3082 Maxime
1180 3019 1261 3099 quia
1276 3035 1428 3082 recessus

228 3105 362 3180 eederet
374 3116 411 3177 in
425 3116 674 3196 praeiudicium
686 3118 795 3197 tertii,
808 3119 864 3181 cui
877 3122 930 3182 est
941 3119 998 3199 jus
1012 3120 1214 3200 quaesitum,
1228 3138 1296 3202 quo
1309 3123 1428 3201 nequit

228 3218 303 3282 sine
320 3218 417 3298 J'usta
435 3235 539 3281 causa
557 3219 741 3299 privari.²⁸⁰

260 4317 417 4374 ¹⁸'Bo-esus,
434 4327 479 4375 op.
495 4315 545 4367 eit.
562 4316 680 4375 Quaest.
698 4316 739 4374 14.
756 4327 837 4368 num.
854 4317 896 4369 10.

259 4385 288 4414 m
298 4384 327 4437 fl.
342 4384 373 4436 0.
387 4385 446 4437 ΒΕ.
461 4385 533 4443 RR..
549 4385 582 4436 16
597 4385 682 4436 Febr.
698 4385 888 4438 mlle-Aeta
904 4386 932 4439 S.
949 4386 1042 4446 Sedis,
1058 4389 1128 4440 tom.
1145 4389 1196 4447 xl,
1212 4401 1278 4452 pag.
1293 4389 1353 4450 2⁰2,-
1423 4451 1425 4456 ¹

259 4452 411 4512 ‘'Lucldt
431 4465 477 4513 op.
496 4452 547 4505 cit.
566 4466 646 4505 num.
667 4454 727 4506 166.

260 4521 405 4582 ’'rachy,
421 4521 627 4582 caestuum.
643 4523 703 4574 293.
759 4521 762 4530 “
