<?xml version="1.0" encoding="UTF-8"?>
<!DOCTYPE html PUBLIC "-//W3C//DTD XHTML 1.0 Transitional//EN"
    "http://www.w3.org/TR/xhtml1/DTD/xhtml1-transitional.dtd">
<html xmlns="http://www.w3.org/1999/xhtml" xml:lang="en" lang="en">
 <head>
  <title>
</title>
<meta http-equiv="Content-Type" content="text/html;charset=utf-8" />
  <meta name='ocr-system' content='tesseract 3.04.00' />
  <meta name='ocr-capabilities' content='ocr_page ocr_carea ocr_par ocr_line ocrx_word'/>
</head>
<body>
  <div class='ocr_page' id='page_1' title='image "./deconfraternita01borkgoog_0130.png"; bbox 0 0 3336 5166; ppageno 0'>
   <div class='ocr_carea' id='block_1_1' title="bbox 494 287 1428 392">
    <p class='ocr_par' dir='ltr' id='par_1_1' title="bbox 494 287 1428 392">
     <span class='ocr_line' id='line_1_1' title="bbox 494 287 1428 392; baseline 0 -16"><span class='ocrx_word' id='word_1_1' title='bbox 494 287 545 376; x_wconf 83' lang='lat' dir='ltr'>Da</span> <span class='ocrx_word' id='word_1_2' title='bbox 561 318 901 392; x_wconf 70' lang='lat' dir='ltr'>Ooajrotaraitoiiboa</span> <span class='ocrx_word' id='word_1_3' title='bbox 913 317 1157 376; x_wconf 73' lang='lat' dir='ltr'>Ecclesiasticia</span> <span class='ocrx_word' id='word_1_4' title='bbox 1372 317 1428 376; x_wconf 78' lang='lat'>123</span> 
     </span>
    </p>
   </div>
   <div class='ocr_carea' id='block_1_2' title="bbox 224 508 1475 3858">
    <p class='ocr_par' dir='ltr' id='par_1_2' title="bbox 225 508 1426 691">
     <span class='ocr_line' id='line_1_2' title="bbox 225 508 1426 588; baseline 0.002 -18"><span class='ocrx_word' id='word_1_5' title='bbox 225 527 362 572; x_wconf 86' lang='lat' dir='ltr'>necesse</span> <span class='ocrx_word' id='word_1_6' title='bbox 377 512 440 585; x_wconf 85' lang='lat' dir='ltr'>est,</span> <span class='ocrx_word' id='word_1_7' title='bbox 459 513 501 570; x_wconf 93' lang='lat' dir='ltr'>ut</span> <span class='ocrx_word' id='word_1_8' title='bbox 518 513 724 588; x_wconf 77' lang='lat' dir='ltr'>aggregetur</span> <span class='ocrx_word' id='word_1_9' title='bbox 742 508 848 572; x_wconf 90' lang='lat' dir='ltr'>alicui</span> <span class='ocrx_word' id='word_1_10' title='bbox 864 509 1255 573; x_wconf 85' lang='lat' dir='ltr'>Archiconfraternitati</span> <span class='ocrx_word' id='word_1_11' title='bbox 1273 510 1426 588; x_wconf 77' lang='lat' dir='ltr'>eiusdem</span> 
     </span>
     <span class='ocr_line' id='line_1_3' title="bbox 226 610 1341 691; baseline 0.004 -20"><span class='ocrx_word' id='word_1_12' title='bbox 226 610 375 673; x_wconf 91' lang='lat' dir='ltr'>nominis</span> <span class='ocrx_word' id='word_1_13' title='bbox 395 615 432 672; x_wconf 89' lang='lat' dir='ltr'>et</span> <span class='ocrx_word' id='word_1_14' title='bbox 452 610 620 688; x_wconf 89' lang='lat' dir='ltr'>instituti,</span> <span class='ocrx_word' id='word_1_15' title='bbox 641 629 728 691; x_wconf 87' lang='lat' dir='ltr'>quae</span> <span class='ocrx_word' id='word_1_16' title='bbox 748 611 930 690; x_wconf 85' lang='lat' dir='ltr'>privilegio</span> <span class='ocrx_word' id='word_1_17' title='bbox 952 613 1162 690; x_wconf 79' lang='lat' dir='ltr'>aggregandi</span> <span class='ocrx_word' id='word_1_18' title='bbox 1183 613 1341 690; x_wconf 86' lang='lat' dir='ltr'>gaudeat.</span> 
     </span>
    </p>

    <p class='ocr_par' dir='ltr' id='par_1_3' title="bbox 224 713 1430 1918">
     <span class='ocr_line' id='line_1_4' title="bbox 268 713 1428 794; baseline 0.003 -20"><span class='ocrx_word' id='word_1_19' title='bbox 268 713 408 774; x_wconf 83' lang='lat' dir='ltr'>Dantur</span> <span class='ocrx_word' id='word_1_20' title='bbox 423 713 610 776; x_wconf 85' lang='lat' dir='ltr'>nonnullae</span> <span class='ocrx_word' id='word_1_21' title='bbox 626 713 940 778; x_wconf 81' lang='lat' dir='ltr'>Confraternitatcs</span> <span class='ocrx_word' id='word_1_22' title='bbox 957 715 1011 776; x_wconf 84' lang='lat' dir='ltr'>rel</span> <span class='ocrx_word' id='word_1_23' title='bbox 1026 715 1325 794; x_wconf 75' lang='lat' dir='ltr'>congregationes,</span> <span class='ocrx_word' id='word_1_24' title='bbox 1341 731 1428 794; x_wconf 89' lang='lat' dir='ltr'>quae</span> 
     </span>
     <span class='ocr_line' id='line_1_5' title="bbox 225 815 1427 896; baseline 0 -18"><span class='ocrx_word' id='word_1_25' title='bbox 225 832 267 878; x_wconf 89' lang='lat' dir='ltr'>ex</span> <span class='ocrx_word' id='word_1_26' title='bbox 287 815 360 892; x_wconf 86' lang='lat' dir='ltr'>lege</span> <span class='ocrx_word' id='word_1_27' title='bbox 379 815 423 878; x_wconf 94' lang='lat' dir='ltr'>ab</span> <span class='ocrx_word' id='word_1_28' title='bbox 443 815 599 878; x_wconf 83' lang='lat' dir='ltr'>Ecclesia</span> <span class='ocrx_word' id='word_1_29' title='bbox 618 818 764 894; x_wconf 86' lang='lat' dir='ltr'>statuta,</span> <span class='ocrx_word' id='word_1_30' title='bbox 786 816 862 895; x_wconf 89' lang='lat' dir='ltr'>ipso</span> <span class='ocrx_word' id='word_1_31' title='bbox 882 816 977 879; x_wconf 82' lang='lat' dir='ltr'>iacto</span> <span class='ocrx_word' id='word_1_32' title='bbox 997 817 1179 880; x_wconf 79' lang='lat' dir='ltr'>erectionis</span> <span class='ocrx_word' id='word_1_33' title='bbox 1200 816 1427 896; x_wconf 76' lang='lat' dir='ltr'>indulgentiis</span> 
     </span>
     <span class='ocr_line' id='line_1_6' title="bbox 226 917 1428 997; baseline 0.001 -17"><span class='ocrx_word' id='word_1_34' title='bbox 226 918 388 995; x_wconf 86' lang='lat' dir='ltr'>gaudent,</span> <span class='ocrx_word' id='word_1_35' title='bbox 412 917 551 980; x_wconf 85' lang='lat' dir='ltr'>exclusa</span> <span class='ocrx_word' id='word_1_36' title='bbox 575 918 729 996; x_wconf 88' lang='lat' dir='ltr'>qualibet</span> <span class='ocrx_word' id='word_1_37' title='bbox 753 918 1005 997; x_wconf 83' lang='lat' dir='ltr'>aggregatione.</span> <span class='ocrx_word' id='word_1_38' title='bbox 1052 917 1261 996; x_wconf 79' lang='lat' dir='ltr'>Huiusmodi</span> <span class='ocrx_word' id='word_1_39' title='bbox 1287 917 1428 981; x_wconf 88' lang='lat' dir='ltr'>Oonira·</span> 
     </span>
     <span class='ocr_line' id='line_1_7' title="bbox 224 1019 1427 1099; baseline 0 -17"><span class='ocrx_word' id='word_1_40' title='bbox 224 1019 409 1082; x_wconf 87' lang='lat' dir='ltr'>ternitates</span> <span class='ocrx_word' id='word_1_41' title='bbox 422 1035 491 1081; x_wconf 92' lang='lat' dir='ltr'>non</span> <span class='ocrx_word' id='word_1_42' title='bbox 504 1023 587 1082; x_wconf 86' lang='lat' dir='ltr'>sunt</span> <span class='ocrx_word' id='word_1_43' title='bbox 599 1036 660 1082; x_wconf 89' lang='lat' dir='ltr'>nec</span> <span class='ocrx_word' id='word_1_44' title='bbox 672 1024 818 1099; x_wconf 88' lang='lat' dir='ltr'>possunt</span> <span class='ocrx_word' id='word_1_45' title='bbox 830 1037 904 1083; x_wconf 88' lang='lat' dir='ltr'>asse</span> <span class='ocrx_word' id='word_1_46' title='bbox 916 1037 1015 1083; x_wconf 85' lang='lat' dir='ltr'>rarae</span> <span class='ocrx_word' id='word_1_47' title='bbox 1027 1019 1427 1098; x_wconf 82' lang='lat' dir='ltr'>Arabicontrateritates‚</span> 
     </span>
     <span class='ocr_line' id='line_1_8' title="bbox 225 1120 1427 1201; baseline 0 -17"><span class='ocrx_word' id='word_1_48' title='bbox 225 1138 287 1185; x_wconf 88' lang='lat' dir='ltr'>nec</span> <span class='ocrx_word' id='word_1_49' title='bbox 301 1121 444 1201; x_wconf 90' lang='lat' dir='ltr'>proinde</span> <span class='ocrx_word' id='word_1_50' title='bbox 457 1123 585 1184; x_wconf 89' lang='lat' dir='ltr'>habent</span> <span class='ocrx_word' id='word_1_51' title='bbox 600 1123 707 1185; x_wconf 88' lang='lat' dir='ltr'>ullam</span> <span class='ocrx_word' id='word_1_52' title='bbox 723 1120 1065 1200; x_wconf 83' lang='lat' dir='ltr'>Oontraternitatem,</span> <span class='ocrx_word' id='word_1_53' title='bbox 1081 1140 1168 1201; x_wconf 90' lang='lat' dir='ltr'>quae</span> <span class='ocrx_word' id='word_1_54' title='bbox 1183 1122 1232 1186; x_wconf 91' lang='lat' dir='ltr'>sit</span> <span class='ocrx_word' id='word_1_55' title='bbox 1245 1127 1281 1186; x_wconf 92' lang='lat' dir='ltr'>et</span> <span class='ocrx_word' id='word_1_56' title='bbox 1297 1122 1427 1186; x_wconf 88' lang='lat' dir='ltr'>censeri</span> 
     </span>
     <span class='ocr_line' id='line_1_9' title="bbox 226 1223 1428 1304; baseline 0 -18"><span class='ocrx_word' id='word_1_57' title='bbox 226 1224 348 1287; x_wconf 90' lang='lat' dir='ltr'>debeat</span> <span class='ocrx_word' id='word_1_58' title='bbox 374 1227 541 1304; x_wconf 90' lang='lat' dir='ltr'>caputet</span> <span class='ocrx_word' id='word_1_59' title='bbox 567 1227 722 1286; x_wconf 86' lang='lat' dir='ltr'>centrum</span> <span class='ocrx_word' id='word_1_60' title='bbox 747 1227 948 1288; x_wconf 84' lang='lat' dir='ltr'>ceterarum.</span> <span class='ocrx_word' id='word_1_61' title='bbox 997 1225 1097 1288; x_wconf 72' lang='lat' dir='ltr'>Tales</span> <span class='ocrx_word' id='word_1_62' title='bbox 1123 1228 1207 1288; x_wconf 88' lang='lat' dir='ltr'>sunt</span> <span class='ocrx_word' id='word_1_63' title='bbox 1233 1223 1428 1288; x_wconf 80' lang='lat' dir='ltr'>Confrater·</span> 
     </span>
     <span class='ocr_line' id='line_1_10' title="bbox 225 1324 1427 1416; baseline 0 -28"><span class='ocrx_word' id='word_1_64' title='bbox 225 1324 355 1390; x_wconf 85' lang='lat' dir='ltr'>nitatcs</span> <span class='ocrx_word' id='word_1_65' title='bbox 369 1325 429 1390; x_wconf 80' lang='lat' dir='ltr'>SS.</span> <span class='ocrx_word' id='word_1_66' title='bbox 443 1325 638 1405; x_wconf 72' lang='lat' dir='ltr'>Trinitatis,</span> <span class='ocrx_word' id='word_1_67' title='bbox 653 1326 713 1389; x_wconf 80' lang='lat' dir='ltr'>SS.</span> <span class='ocrx_word' id='word_1_68' title='bbox 726 1326 874 1405; x_wconf 85' lang='lat' dir='ltr'>Rosarii,</span> <span class='ocrx_word' id='word_1_69' title='bbox 887 1326 930 1390; x_wconf 86' lang='lat' dir='ltr'>de</span> <span class='ocrx_word' id='word_1_70' title='bbox 942 1327 1060 1416; x_wconf 79' lang='lat' dir='ltr'>lionte</span> <span class='ocrx_word' id='word_1_71' title='bbox 1072 1326 1228 1390; x_wconf 83' lang='lat' dir='ltr'>Oarmelo</span> <span class='ocrx_word' id='word_1_72' title='bbox 1241 1330 1276 1391; x_wconf 90' lang='lat' dir='ltr'>et</span> <span class='ocrx_word' id='word_1_73' title='bbox 1291 1325 1427 1404; x_wconf 77' lang='lat' dir='ltr'>Septem</span> 
     </span>
     <span class='ocr_line' id='line_1_11' title="bbox 227 1427 1428 1520; baseline 0.001 -31"><span class='ocrx_word' id='word_1_74' title='bbox 227 1428 393 1490; x_wconf 89' lang='lat' dir='ltr'>Dolorum</span> <span class='ocrx_word' id='word_1_75' title='bbox 412 1429 453 1491; x_wconf 90' lang='lat' dir='ltr'>B.</span> <span class='ocrx_word' id='word_1_76' title='bbox 475 1429 520 1490; x_wconf 87' lang='grc' dir='ltr'>Μ.</span> <span class='ocrx_word' id='word_1_77' title='bbox 540 1427 707 1508; x_wconf 80' lang='lat' dir='ltr'>Virginis.</span> <span class='ocrx_word' id='word_1_78' title='bbox 749 1429 874 1492; x_wconf 85' lang='lat' dir='ltr'>Omnes</span> <span class='ocrx_word' id='word_1_79' title='bbox 895 1432 930 1491; x_wconf 90' lang='lat' dir='ltr'>et</span> <span class='ocrx_word' id='word_1_80' title='bbox 951 1427 1107 1508; x_wconf 87' lang='lat' dir='ltr'>singulae</span> <span class='ocrx_word' id='word_1_81' title='bbox 1128 1429 1325 1520; x_wconf 82' lang='lat' dir='ltr'>hujusmodi</span> <span class='ocrx_word' id='word_1_82' title='bbox 1346 1429 1428 1491; x_wconf 86' lang='lat' dir='ltr'>Oon·</span> 
     </span>
     <span class='ocr_line' id='line_1_12' title="bbox 225 1530 1427 1610; baseline 0.002 -18"><span class='ocrx_word' id='word_1_83' title='bbox 225 1530 467 1594; x_wconf 83' lang='lat' dir='ltr'>fraternitates</span> <span class='ocrx_word' id='word_1_84' title='bbox 484 1531 612 1595; x_wconf 86' lang='lat' dir='ltr'>habent</span> <span class='ocrx_word' id='word_1_85' title='bbox 628 1531 823 1594; x_wconf 84' lang='lat' dir='ltr'>existetiam</span> <span class='ocrx_word' id='word_1_86' title='bbox 842 1531 1018 1610; x_wconf 89' lang='lat' dir='ltr'>propriam</span> <span class='ocrx_word' id='word_1_87' title='bbox 1037 1550 1058 1595; x_wconf 97' lang='lat' dir='ltr'>a</span> <span class='ocrx_word' id='word_1_88' title='bbox 1075 1531 1198 1596; x_wconf 86' lang='lat' dir='ltr'>ceteris</span> <span class='ocrx_word' id='word_1_89' title='bbox 1215 1531 1427 1607; x_wconf 84' lang='lat' dir='ltr'>distinctam,</span> 
     </span>
     <span class='ocr_line' id='line_1_13' title="bbox 226 1632 1430 1712; baseline -0.002 -16"><span class='ocrx_word' id='word_1_90' title='bbox 226 1633 333 1696; x_wconf 90' lang='lat' dir='ltr'>etiam</span> <span class='ocrx_word' id='word_1_91' title='bbox 356 1633 509 1712; x_wconf 75' lang='lat' dir='ltr'>eiusdem</span> <span class='ocrx_word' id='word_1_92' title='bbox 532 1633 681 1695; x_wconf 91' lang='lat' dir='ltr'>nominis</span> <span class='ocrx_word' id='word_1_93' title='bbox 703 1637 739 1695; x_wconf 87' lang='lat' dir='ltr'>et</span> <span class='ocrx_word' id='word_1_94' title='bbox 762 1633 929 1696; x_wconf 90' lang='lat' dir='ltr'>instituti.</span> <span class='ocrx_word' id='word_1_95' title='bbox 976 1634 1157 1696; x_wconf 80' lang='lat' dir='ltr'>Fruuntur</span> <span class='ocrx_word' id='word_1_96' title='bbox 1180 1632 1370 1712; x_wconf 85' lang='lat' dir='ltr'>privilegiis</span> <span class='ocrx_word' id='word_1_97' title='bbox 1394 1636 1430 1696; x_wconf 88' lang='lat' dir='ltr'>et</span> 
     </span>
     <span class='ocr_line' id='line_1_14' title="bbox 226 1734 1427 1816; baseline 0.002 -19"><span class='ocrx_word' id='word_1_98' title='bbox 226 1735 453 1814; x_wconf 83' lang='lat' dir='ltr'>indulgentiis</span> <span class='ocrx_word' id='word_1_99' title='bbox 468 1735 590 1814; x_wconf 85' lang='lat' dir='ltr'>cuique</span> <span class='ocrx_word' id='word_1_100' title='bbox 604 1734 791 1815; x_wconf 79' lang='lat' dir='ltr'>respective</span> <span class='ocrx_word' id='word_1_101' title='bbox 805 1735 965 1815; x_wconf 90' lang='lat' dir='ltr'>propriis,</span> <span class='ocrx_word' id='word_1_102' title='bbox 981 1752 1051 1798; x_wconf 88' lang='lat' dir='ltr'>non</span> <span class='ocrx_word' id='word_1_103' title='bbox 1064 1754 1126 1816; x_wconf 90' lang='lat' dir='ltr'>per</span> <span class='ocrx_word' id='word_1_104' title='bbox 1141 1736 1427 1815; x_wconf 87' lang='lat' dir='ltr'>aggregationem,</span> 
     </span>
     <span class='ocr_line' id='line_1_15' title="bbox 226 1836 1295 1918; baseline 0 -18"><span class='ocrx_word' id='word_1_105' title='bbox 226 1839 296 1915; x_wconf 89' lang='lat' dir='ltr'>sed,</span> <span class='ocrx_word' id='word_1_106' title='bbox 311 1839 364 1901; x_wconf 89' lang='lat' dir='ltr'>ita</span> <span class='ocrx_word' id='word_1_107' title='bbox 377 1837 580 1917; x_wconf 76' lang='lat' dir='ltr'>‹ilsponente</span> <span class='ocrx_word' id='word_1_108' title='bbox 596 1836 629 1900; x_wconf 82' lang='lat' dir='ltr'>S.</span> <span class='ocrx_word' id='word_1_109' title='bbox 646 1837 740 1916; x_wconf 81' lang='lat' dir='ltr'>Sede,</span> <span class='ocrx_word' id='word_1_110' title='bbox 755 1855 817 1916; x_wconf 91' lang='lat' dir='ltr'>per</span> <span class='ocrx_word' id='word_1_111' title='bbox 830 1838 943 1918; x_wconf 79' lang='lat' dir='ltr'>ipsum</span> <span class='ocrx_word' id='word_1_112' title='bbox 958 1838 1089 1900; x_wconf 84' lang='lat' dir='ltr'>iactum</span> <span class='ocrx_word' id='word_1_113' title='bbox 1103 1838 1295 1900; x_wconf 86' lang='lat' dir='ltr'>erectionis.</span> 
     </span>
    </p>

    <p class='ocr_par' dir='ltr' id='par_1_4' title="bbox 227 1938 1475 2820">
     <span class='ocr_line' id='line_1_16' title="bbox 269 1938 1429 2020; baseline -0.001 -18"><span class='ocrx_word' id='word_1_114' title='bbox 269 1940 324 2002; x_wconf 89' lang='lat' dir='ltr'>Ad</span> <span class='ocrx_word' id='word_1_115' title='bbox 340 1939 479 2003; x_wconf 88' lang='lat' dir='ltr'>remita</span> <span class='ocrx_word' id='word_1_116' title='bbox 494 1939 616 2002; x_wconf 89' lang='lat' dir='ltr'>scribit</span> <span class='ocrx_word' id='word_1_117' title='bbox 632 1938 853 2003; x_wconf 90' lang='lat' dir='ltr'>Passerinus:</span> <span class='ocrx_word' id='word_1_118' title='bbox 891 1939 1146 2002; x_wconf 83' lang='lat' dir='ltr'>Advertendum</span> <span class='ocrx_word' id='word_1_119' title='bbox 1163 1957 1242 2003; x_wconf 89' lang='lat' dir='ltr'>vero</span> <span class='ocrx_word' id='word_1_120' title='bbox 1258 1944 1322 2018; x_wconf 89' lang='lat' dir='ltr'>est,</span> <span class='ocrx_word' id='word_1_121' title='bbox 1339 1939 1429 2020; x_wconf 89' lang='lat' dir='ltr'>quod</span> 
     </span>
     <span class='ocr_line' id='line_1_17' title="bbox 228 2041 1429 2122; baseline 0.001 -18"><span class='ocrx_word' id='word_1_122' title='bbox 228 2042 542 2110; x_wconf 81' lang='lat' dir='ltr'>Ooniraternitates</span> <span class='ocrx_word' id='word_1_123' title='bbox 569 2041 679 2104; x_wconf 82' lang='lat' dir='ltr'>ssmi.</span> <span class='ocrx_word' id='word_1_124' title='bbox 705 2041 863 2104; x_wconf 84' lang='lat' dir='ltr'>Nominis</span> <span class='ocrx_word' id='word_1_125' title='bbox 888 2045 924 2105; x_wconf 88' lang='lat' dir='ltr'>et</span> <span class='ocrx_word' id='word_1_126' title='bbox 950 2041 1011 2105; x_wconf 79' lang='lat' dir='ltr'>SS.</span> <span class='ocrx_word' id='word_1_127' title='bbox 1038 2041 1186 2120; x_wconf 87' lang='lat' dir='ltr'>Rosarii,</span> <span class='ocrx_word' id='word_1_128' title='bbox 1212 2060 1298 2121; x_wconf 86' lang='lat' dir='ltr'>quas</span> <span class='ocrx_word' id='word_1_129' title='bbox 1325 2042 1429 2122; x_wconf 88' lang='lat' dir='ltr'>erigit</span> 
     </span>
     <span class='ocr_line' id='line_1_18' title="bbox 227 2141 1430 2223; baseline 0 -17"><span class='ocrx_word' id='word_1_130' title='bbox 227 2144 321 2207; x_wconf 91' lang='lat' dir='ltr'>Ordo</span> <span class='ocrx_word' id='word_1_131' title='bbox 340 2144 633 2223; x_wconf 88' lang='lat' dir='ltr'>Praedicatorum,</span> <span class='ocrx_word' id='word_1_132' title='bbox 653 2161 721 2205; x_wconf 94' lang='lat' dir='ltr'>non</span> <span class='ocrx_word' id='word_1_133' title='bbox 740 2147 824 2205; x_wconf 90' lang='lat' dir='ltr'>sunt</span> <span class='ocrx_word' id='word_1_134' title='bbox 841 2141 1256 2206; x_wconf 81' lang='lat' dir='ltr'>Arcbicontraternitatcs</span> <span class='ocrx_word' id='word_1_135' title='bbox 1275 2161 1362 2222; x_wconf 85' lang='lat' dir='ltr'>quae</span> <span class='ocrx_word' id='word_1_136' title='bbox 1381 2144 1430 2206; x_wconf 90' lang='lat' dir='ltr'>ia·</span> 
     </span>
     <span class='ocr_line' id='line_1_19' title="bbox 228 2246 1429 2324; baseline -0.002 -16"><span class='ocrx_word' id='word_1_137' title='bbox 228 2247 393 2310; x_wconf 87' lang='lat' dir='ltr'>cultatem</span> <span class='ocrx_word' id='word_1_138' title='bbox 408 2247 498 2309; x_wconf 89' lang='lat' dir='ltr'>alias</span> <span class='ocrx_word' id='word_1_139' title='bbox 514 2246 724 2324; x_wconf 86' lang='lat' dir='ltr'>aggregandi</span> <span class='ocrx_word' id='word_1_140' title='bbox 743 2246 901 2308; x_wconf 87' lang='lat' dir='ltr'>habeant.</span> <span class='ocrx_word' id='word_1_141' title='bbox 943 2246 999 2308; x_wconf 77' lang='lat' dir='ltr'>Sic</span> <span class='ocrx_word' id='word_1_142' title='bbox 1015 2246 1052 2307; x_wconf 93' lang='lat' dir='ltr'>in</span> <span class='ocrx_word' id='word_1_143' title='bbox 1068 2246 1148 2308; x_wconf 88' lang='lat' dir='ltr'>istis</span> <span class='ocrx_word' id='word_1_144' title='bbox 1165 2246 1298 2308; x_wconf 89' lang='lat' dir='ltr'>nullum</span> <span class='ocrx_word' id='word_1_145' title='bbox 1316 2247 1429 2308; x_wconf 92' lang='lat' dir='ltr'>locum</span> 
     </span>
     <span class='ocr_line' id='line_1_20' title="bbox 228 2346 1429 2428; baseline 0.003 -19"><span class='ocrx_word' id='word_1_146' title='bbox 228 2347 331 2410; x_wconf 89' lang='lat' dir='ltr'>habet</span> <span class='ocrx_word' id='word_1_147' title='bbox 355 2346 618 2412; x_wconf 88' lang='lat' dir='ltr'>communicatio</span> <span class='ocrx_word' id='word_1_148' title='bbox 642 2347 937 2426; x_wconf 87' lang='lat' dir='ltr'>indulgentiarum</span> <span class='ocrx_word' id='word_1_149' title='bbox 962 2365 1023 2428; x_wconf 91' lang='lat' dir='ltr'>per</span> <span class='ocrx_word' id='word_1_150' title='bbox 1048 2349 1342 2428; x_wconf 68' lang='lat' dir='ltr'>aggregationem</span> <span class='ocrx_word' id='word_1_151' title='bbox 1369 2349 1429 2413; x_wconf 89' lang='lat' dir='ltr'>sed</span> 
     </span>
     <span class='ocr_line' id='line_1_21' title="bbox 227 2450 1475 2531; baseline 0.002 -19"><span class='ocrx_word' id='word_1_152' title='bbox 227 2450 385 2528; x_wconf 83' lang='lat' dir='ltr'>singulae</span> <span class='ocrx_word' id='word_1_153' title='bbox 408 2450 722 2515; x_wconf 82' lang='lat' dir='ltr'>Confraternitates</span> <span class='ocrx_word' id='word_1_154' title='bbox 744 2450 897 2530; x_wconf 87' lang='lat' dir='ltr'>legitime</span> <span class='ocrx_word' id='word_1_155' title='bbox 919 2453 1062 2529; x_wconf 88' lang='lat' dir='ltr'>erectae,</span> <span class='ocrx_word' id='word_1_156' title='bbox 1084 2451 1206 2514; x_wconf 89' lang='lat' dir='ltr'>statim</span> <span class='ocrx_word' id='word_1_157' title='bbox 1229 2452 1272 2514; x_wconf 88' lang='lat' dir='ltr'>de</span> <span class='ocrx_word' id='word_1_158' title='bbox 1294 2451 1371 2531; x_wconf 86' lang='lat' dir='ltr'>jure</span> <span class='ocrx_word' id='word_1_159' title='bbox 1394 2455 1429 2515; x_wconf 89' lang='lat' dir='ltr'>at</span> <span class='ocrx_word' id='word_1_160' title='bbox 1473 2475 1475 2480; x_wconf 64' lang='grc'>’</span> 
     </span>
     <span class='ocr_line' id='line_1_22' title="bbox 228 2551 1428 2631; baseline -0.001 -16"><span class='ocrx_word' id='word_1_161' title='bbox 228 2557 320 2615; x_wconf 87' lang='lat' dir='ltr'>recte</span> <span class='ocrx_word' id='word_1_162' title='bbox 340 2551 590 2631; x_wconf 88' lang='lat' dir='ltr'>principaliter,</span> <span class='ocrx_word' id='word_1_163' title='bbox 612 2556 647 2614; x_wconf 88' lang='lat' dir='ltr'>et</span> <span class='ocrx_word' id='word_1_164' title='bbox 667 2551 935 2630; x_wconf 88' lang='lat' dir='ltr'>independenter</span> <span class='ocrx_word' id='word_1_165' title='bbox 955 2570 977 2614; x_wconf 98' lang='lat' dir='ltr'>a</span> <span class='ocrx_word' id='word_1_166' title='bbox 998 2569 1209 2631; x_wconf 87' lang='lat' dir='ltr'>quacumque</span> <span class='ocrx_word' id='word_1_167' title='bbox 1229 2553 1300 2615; x_wconf 89' lang='lat' dir='ltr'>alia</span> <span class='ocrx_word' id='word_1_168' title='bbox 1322 2553 1428 2616; x_wconf 88' lang='lat' dir='ltr'>simili</span> 
     </span>
     <span class='ocr_line' id='line_1_23' title="bbox 228 2653 1429 2733; baseline -0.003 -13"><span class='ocrx_word' id='word_1_169' title='bbox 228 2654 535 2733; x_wconf 81' lang='lat' dir='ltr'>Contraternitate,</span> <span class='ocrx_word' id='word_1_170' title='bbox 557 2655 725 2716; x_wconf 84' lang='lat' dir='ltr'>fruuntur</span> <span class='ocrx_word' id='word_1_171' title='bbox 747 2653 974 2733; x_wconf 86' lang='lat' dir='ltr'>indulgentiis</span> <span class='ocrx_word' id='word_1_172' title='bbox 997 2671 1058 2730; x_wconf 89' lang='lat' dir='ltr'>per</span> <span class='ocrx_word' id='word_1_173' title='bbox 1081 2653 1115 2716; x_wconf 79' lang='lat' dir='ltr'>S.</span> <span class='ocrx_word' id='word_1_174' title='bbox 1140 2653 1260 2717; x_wconf 76' lang='lat' dir='ltr'>Sedent</span> <span class='ocrx_word' id='word_1_175' title='bbox 1281 2654 1331 2718; x_wconf 79' lang='lat' dir='ltr'>eis</span> <span class='ocrx_word' id='word_1_176' title='bbox 1355 2672 1429 2718; x_wconf 86' lang='lat' dir='ltr'>con·</span> 
     </span>
     <span class='ocr_line' id='line_1_24' title="bbox 227 2755 736 2820; baseline -0.004 0"><span class='ocrx_word' id='word_1_177' title='bbox 227 2757 332 2820; x_wconf 88' lang='lat' dir='ltr'>cessis</span> <span class='ocrx_word' id='word_1_178' title='bbox 346 2760 409 2819; x_wconf 89' lang='lat' dir='ltr'>aut</span> <span class='ocrx_word' id='word_1_179' title='bbox 423 2755 736 2820; x_wconf 86' lang='lat' dir='ltr'>communicatis.²⁰⁸</span> 
     </span>
    </p>

    <p class='ocr_par' dir='ltr' id='par_1_5' title="bbox 227 2857 1430 3858">
     <span class='ocr_line' id='line_1_25' title="bbox 269 2857 1429 2937; baseline -0.001 -16"><span class='ocrx_word' id='word_1_180' title='bbox 269 2857 361 2922; x_wconf 89' lang='lat' dir='ltr'>Hinc</span> <span class='ocrx_word' id='word_1_181' title='bbox 379 2861 443 2937; x_wconf 88' lang='lat' dir='ltr'>est,</span> <span class='ocrx_word' id='word_1_182' title='bbox 462 2860 552 2936; x_wconf 90' lang='lat' dir='ltr'>quod</span> <span class='ocrx_word' id='word_1_183' title='bbox 572 2858 665 2921; x_wconf 90' lang='lat' dir='ltr'>Ordo</span> <span class='ocrx_word' id='word_1_184' title='bbox 684 2857 967 2921; x_wconf 89' lang='lat' dir='ltr'>Praedicatorum</span> <span class='ocrx_word' id='word_1_185' title='bbox 987 2874 1172 2936; x_wconf 90' lang='lat' dir='ltr'>numquam</span> <span class='ocrx_word' id='word_1_186' title='bbox 1191 2858 1368 2937; x_wconf 87' lang='lat' dir='ltr'>concessit,</span> <span class='ocrx_word' id='word_1_187' title='bbox 1389 2861 1429 2921; x_wconf 88' lang='lat' dir='ltr'>ut</span> 
     </span>
     <span class='ocr_line' id='line_1_26' title="bbox 228 2941 1429 3040; baseline -0.002 -15"><span class='ocrx_word' id='word_1_188' title='bbox 228 2960 346 3040; x_wconf 89' lang='lat' dir='ltr'>aliqua</span> <span class='ocrx_word' id='word_1_189' title='bbox 375 2941 654 3024; x_wconf 72' lang='lat' dir='ltr'>confraternitas</span> <span class='ocrx_word' id='word_1_190' title='bbox 685 2959 745 3022; x_wconf 73' lang='grc' dir='ltr'>ΒΕ.</span> <span class='ocrx_word' id='word_1_191' title='bbox 775 2959 913 3023; x_wconf 88' lang='lat' dir='ltr'>Rosarii</span> <span class='ocrx_word' id='word_1_192' title='bbox 941 2961 987 3024; x_wconf 89' lang='lat' dir='ltr'>ad</span> <span class='ocrx_word' id='word_1_193' title='bbox 1016 2961 1161 3038; x_wconf 87' lang='lat' dir='ltr'>gradum</span> <span class='ocrx_word' id='word_1_194' title='bbox 1190 2959 1429 3023; x_wconf 83' lang='lat' dir='ltr'>Archiconira·</span> 
     </span>
     <span class='ocr_line' id='line_1_27' title="bbox 227 3061 1428 3141; baseline -0.003 -15"><span class='ocrx_word' id='word_1_195' title='bbox 227 3062 407 3126; x_wconf 89' lang='lat' dir='ltr'>ternitatis</span> <span class='ocrx_word' id='word_1_196' title='bbox 428 3063 629 3141; x_wconf 85' lang='lat' dir='ltr'>erigeretur,</span> <span class='ocrx_word' id='word_1_197' title='bbox 651 3061 733 3124; x_wconf 90' lang='lat' dir='ltr'>licet</span> <span class='ocrx_word' id='word_1_198' title='bbox 755 3063 797 3124; x_wconf 92' lang='lat' dir='ltr'>de</span> <span class='ocrx_word' id='word_1_199' title='bbox 819 3079 857 3124; x_wconf 91' lang='lat' dir='ltr'>re</span> <span class='ocrx_word' id='word_1_200' title='bbox 878 3079 948 3124; x_wconf 91' lang='lat' dir='ltr'>non</span> <span class='ocrx_word' id='word_1_201' title='bbox 969 3061 1144 3124; x_wconf 76' lang='lat' dir='ltr'>defuerint</span> <span class='ocrx_word' id='word_1_202' title='bbox 1166 3061 1428 3139; x_wconf 88' lang='lat' dir='ltr'>postulationes.</span> 
     </span>
     <span class='ocr_line' id='line_1_28' title="bbox 228 3163 1429 3242; baseline -0.002 -14"><span class='ocrx_word' id='word_1_203' title='bbox 228 3165 426 3228; x_wconf 83' lang='lat' dir='ltr'>“Sodalitas</span> <span class='ocrx_word' id='word_1_204' title='bbox 443 3165 503 3226; x_wconf 73' lang='grc' dir='ltr'>ΕΒ.</span> <span class='ocrx_word' id='word_1_205' title='bbox 518 3165 666 3242; x_wconf 88' lang='lat' dir='ltr'>Rosarii,</span> <span class='ocrx_word' id='word_1_206' title='bbox 682 3164 734 3227; x_wconf 91' lang='lat' dir='ltr'>ita</span> <span class='ocrx_word' id='word_1_207' title='bbox 749 3165 856 3226; x_wconf 87' lang='lat' dir='ltr'>Rmus</span> <span class='ocrx_word' id='word_1_208' title='bbox 872 3165 909 3226; x_wconf 91' lang='lat' dir='ltr'>P.</span> <span class='ocrx_word' id='word_1_209' title='bbox 924 3163 1082 3226; x_wconf 79' lang='lat' dir='ltr'>Andreas</span> <span class='ocrx_word' id='word_1_210' title='bbox 1098 3164 1308 3242; x_wconf 83' lang='lat' dir='ltr'>Fruhwirth,</span> <span class='ocrx_word' id='word_1_211' title='bbox 1325 3164 1429 3242; x_wconf 87' lang='lat' dir='ltr'>Magi-</span> 
     </span>
     <span class='ocr_line' id='line_1_29' title="bbox 228 3265 1428 3344; baseline -0.002 -16"><span class='ocrx_word' id='word_1_212' title='bbox 228 3269 300 3329; x_wconf 87' lang='lat' dir='ltr'>ster</span> <span class='ocrx_word' id='word_1_213' title='bbox 319 3266 498 3329; x_wconf 84' lang='lat' dir='ltr'>Generalis</span> <span class='ocrx_word' id='word_1_214' title='bbox 519 3265 660 3330; x_wconf 88' lang='lat' dir='ltr'>Ordinis</span> <span class='ocrx_word' id='word_1_215' title='bbox 680 3266 973 3343; x_wconf 89' lang='lat' dir='ltr'>Praedicatorum,</span> <span class='ocrx_word' id='word_1_216' title='bbox 993 3265 1164 3330; x_wconf 89' lang='lat' dir='ltr'>scribebat</span> <span class='ocrx_word' id='word_1_217' title='bbox 1185 3267 1229 3328; x_wconf 90' lang='lat' dir='ltr'>ad</span> <span class='ocrx_word' id='word_1_218' title='bbox 1250 3267 1428 3344; x_wconf 89' lang='lat' dir='ltr'>quemdam</span> 
     </span>
     <span class='ocr_line' id='line_1_30' title="bbox 228 3367 1430 3448; baseline 0.001 -19"><span class='ocrx_word' id='word_1_219' title='bbox 228 3367 436 3447; x_wconf 79' lang='lat' dir='ltr'>Episcopum</span> <span class='ocrx_word' id='word_1_220' title='bbox 454 3370 518 3431; x_wconf 89' lang='lat' dir='ltr'>sub</span> <span class='ocrx_word' id='word_1_221' title='bbox 536 3367 592 3430; x_wconf 88' lang='lat' dir='ltr'>die</span> <span class='ocrx_word' id='word_1_222' title='bbox 610 3369 630 3431; x_wconf 88' lang='grc'><strong>6</strong></span> <span class='ocrx_word' id='word_1_223' title='bbox 647 3369 737 3431; x_wconf 85' lang='lat' dir='ltr'>Julii</span> <span class='ocrx_word' id='word_1_224' title='bbox 755 3369 848 3447; x_wconf 84' lang='lat'>1892,</span> <span class='ocrx_word' id='word_1_225' title='bbox 866 3368 905 3430; x_wconf 92' lang='lat' dir='ltr'>in</span> <span class='ocrx_word' id='word_1_226' title='bbox 921 3368 1064 3432; x_wconf 88' lang='lat' dir='ltr'>ecclesia</span> <span class='ocrx_word' id='word_1_227' title='bbox 1082 3369 1123 3432; x_wconf 89' lang='lat' dir='ltr'>N.</span> <span class='ocrx_word' id='word_1_228' title='bbox 1143 3368 1304 3447; x_wconf 79' lang='lat' dir='ltr'>existens,</span> <span class='ocrx_word' id='word_1_229' title='bbox 1322 3385 1430 3448; x_wconf 90' lang='lat' dir='ltr'>neque</span> 
     </span>
     <span class='ocr_line' id='line_1_31' title="bbox 228 3470 1429 3550; baseline 0.002 -18"><span class='ocrx_word' id='word_1_230' title='bbox 228 3470 347 3534; x_wconf 87' lang='lat' dir='ltr'>baberi</span> <span class='ocrx_word' id='word_1_231' title='bbox 367 3473 490 3549; x_wconf 78' lang='lat' dir='ltr'>potest,</span> <span class='ocrx_word' id='word_1_232' title='bbox 509 3488 617 3550; x_wconf 84' lang='lat' dir='ltr'>neque</span> <span class='ocrx_word' id='word_1_233' title='bbox 635 3470 704 3534; x_wconf 90' lang='lat' dir='ltr'>dici</span> <span class='ocrx_word' id='word_1_234' title='bbox 722 3470 1110 3548; x_wconf 79' lang='lat' dir='ltr'>Archicontraternitas,</span> <span class='ocrx_word' id='word_1_235' title='bbox 1129 3470 1211 3550; x_wconf 88' lang='lat' dir='ltr'>quia</span> <span class='ocrx_word' id='word_1_236' title='bbox 1230 3470 1429 3534; x_wconf 87' lang='lat' dir='ltr'>nullatenus</span> 
     </span>
     <span class='ocr_line' id='line_1_32' title="bbox 229 3571 1429 3652; baseline 0.002 -18"><span class='ocrx_word' id='word_1_237' title='bbox 229 3573 331 3638; x_wconf 89' lang='lat' dir='ltr'>babet</span> <span class='ocrx_word' id='word_1_238' title='bbox 359 3573 416 3652; x_wconf 85' lang='lat' dir='ltr'>jus</span> <span class='ocrx_word' id='word_1_239' title='bbox 444 3572 598 3652; x_wconf 88' lang='lat' dir='ltr'>erigendi</span> <span class='ocrx_word' id='word_1_240' title='bbox 626 3573 715 3636; x_wconf 88' lang='lat' dir='ltr'>alias</span> <span class='ocrx_word' id='word_1_241' title='bbox 745 3571 1059 3636; x_wconf 82' lang='lat' dir='ltr'>Ooniraternitates</span> <span class='ocrx_word' id='word_1_242' title='bbox 1088 3575 1151 3635; x_wconf 87' lang='lat' dir='ltr'>aut</span> <span class='ocrx_word' id='word_1_243' title='bbox 1179 3572 1260 3636; x_wconf 88' lang='lat' dir='ltr'>aliis</span> <span class='ocrx_word' id='word_1_244' title='bbox 1289 3572 1429 3636; x_wconf 78' lang='lat' dir='ltr'>Contra·</span> 
     </span>
     <span class='ocr_line' id='line_1_33' title="bbox 229 3661 1430 3753; baseline -0.002 -14"><span class='ocrx_word' id='word_1_245' title='bbox 229 3675 456 3739; x_wconf 82' lang='lat' dir='ltr'>territatibus</span> <span class='ocrx_word' id='word_1_246' title='bbox 477 3692 558 3739; x_wconf 91' lang='lat' dir='ltr'>suas</span> <span class='ocrx_word' id='word_1_247' title='bbox 580 3674 820 3753; x_wconf 88' lang='lat' dir='ltr'>Indulgentias</span> <span class='ocrx_word' id='word_1_248' title='bbox 842 3675 1100 3738; x_wconf 89' lang='lat' dir='ltr'>communicare.</span> <span class='ocrx_word' id='word_1_249' title='bbox 1146 3676 1220 3737; x_wconf 93' lang='lat' dir='ltr'>Imo</span> <span class='ocrx_word' id='word_1_250' title='bbox 1242 3691 1303 3737; x_wconf 92' lang='lat' dir='ltr'>nec</span> <span class='ocrx_word' id='word_1_251' title='bbox 1325 3661 1430 3752; x_wconf 87' lang='lat' dir='ltr'>Magi·</span> 
     </span>
     <span class='ocr_line' id='line_1_34' title="bbox 229 3777 1011 3858; baseline 0.001 -18"><span class='ocrx_word' id='word_1_252' title='bbox 229 3781 303 3840; x_wconf 88' lang='lat' dir='ltr'>ster</span> <span class='ocrx_word' id='word_1_253' title='bbox 321 3777 463 3840; x_wconf 89' lang='lat' dir='ltr'>Ordinis</span> <span class='ocrx_word' id='word_1_254' title='bbox 485 3779 547 3840; x_wconf 90' lang='lat' dir='ltr'>hoc</span> <span class='ocrx_word' id='word_1_255' title='bbox 569 3777 626 3858; x_wconf 84' lang='lat' dir='ltr'>jus</span> <span class='ocrx_word' id='word_1_256' title='bbox 647 3779 830 3840; x_wconf 89' lang='lat' dir='ltr'>concedere</span> <span class='ocrx_word' id='word_1_257' title='bbox 850 3777 1011 3841; x_wconf 85' lang='lat' dir='ltr'>valeret.&#39;’</span> 
     </span>
    </p>
   </div>
   <div class='ocr_carea' id='block_1_3' title="bbox 232 3910 432 3924">
    <p class='ocr_par' dir='ltr' id='par_1_6' title="bbox 232 3910 432 3924">
     <span class='ocr_line' id='line_1_35' title="bbox 232 3910 432 3924; baseline -0.01 0"><span class='ocrx_word' id='word_1_258' title='bbox 232 3910 432 3924; x_wconf 53' lang='lat' dir='ltr'>a-—h—-n</span> 
     </span>
    </p>
   </div>
   <div class='ocr_carea' id='block_1_4' title="bbox 217 3953 904 4015">
    <p class='ocr_par' dir='ltr' id='par_1_7' title="bbox 217 3953 904 4015">
     <span class='ocr_line' id='line_1_36' title="bbox 217 3953 904 4015; baseline -0.001 -6"><span class='ocrx_word' id='word_1_259' title='bbox 217 3977 220 3984; x_wconf 96' lang='lat'>·</span> <span class='ocrx_word' id='word_1_260' title='bbox 262 3958 290 3987; x_wconf 79' lang='lat'>¹⁸¹</span> <span class='ocrx_word' id='word_1_261' title='bbox 300 3956 486 4014; x_wconf 64' lang='lat' dir='ltr'>murinus,</span> <span class='ocrx_word' id='word_1_262' title='bbox 504 3953 646 4015; x_wconf 82' lang='lat' dir='ltr'>Quaestio</span> <span class='ocrx_word' id='word_1_263' title='bbox 663 3953 725 4014; x_wconf 80' lang='lat' dir='ltr'>tos,</span> <span class='ocrx_word' id='word_1_264' title='bbox 742 3965 824 4007; x_wconf 73' lang='lat' dir='ltr'>nunt</span> <span class='ocrx_word' id='word_1_265' title='bbox 842 3953 904 4008; x_wconf 76' lang='lat' dir='ltr'>sla.</span> 
     </span>
    </p>
   </div>
   <div class='ocr_carea' id='block_1_5' title="bbox 0 0 1676 5166">
    <p class='ocr_par' dir='ltr' id='par_1_8' title="bbox 0 0 1676 5166">
     <span class='ocr_line' id='line_1_37' title="bbox 0 0 1676 5166; baseline 0 0"><span class='ocrx_word' id='word_1_266' title='bbox 0 0 1676 5166; x_wconf 95' lang='lat' dir='ltr'> </span> 
     </span>
    </p>
   </div>
  </div>
 </body>
</html>
