3336 5166
507 433 557 492 De
576 432 916 506 Controternitatibss
932 435 1175 495 &eclesiasticis
1414 435 1452 496 91

249 630 285 689 et
313 625 482 690 Officieles
509 626 668 706 eligendi.
719 628 859 709 Semper
886 629 976 691 enim
1006 630 1133 694 Sacrae
1162 630 1452 710 congregationes

251 729 425 791 Romanae
452 728 514 792 hoc
542 729 600 807 ius
630 729 985 794 confraternitatibus
1014 731 1246 795 vindicarunt.
1298 733 1452 796 “Electio

251 829 567 910 superintendentis
598 835 733 910 spectat
765 831 810 895 ad
841 832 1034 897 confratres
1065 833 1218 912 legitime
1249 838 1452 897 convocatos

252 950 328 994 cnm
349 931 547 996 interventu
569 932 690 996 ricarli
712 935 846 997 foranei
868 951 930 1014 per
950 934 1118 1014 suffragia
1139 938 1272 999 secreta
1290 935 1331 997 in
1353 936 1453 998 domo

252 1033 561 1098 confraternitatis
581 1038 616 1097 et
636 1051 713 1098 cum
734 1035 982 1115 approbatione
1001 1035 1197 1116 Episcopi.”
1208 1036 1249 1072 ¹⁸⁰
1292 1037 1453 1117 Idemque

252 1135 441 1200 declararit
460 1135 568 1200 Sacra
586 1136 815 1216 congregatio
833 1137 1081 1218 Episcoporum
1100 1141 1136 1201 et
1155 1139 1377 1218 Regularium
1397 1138 1454 1202 die

252 1238 293 1299 li
307 1237 441 1318 Aprilis
458 1237 550 1301 1761.

294 1339 430 1402 Folium
458 1338 584 1403 Sacrae
611 1339 895 1420 congregationis
922 1339 1068 1404 concilii
1095 1341 1133 1403 in
1161 1341 1263 1404 civit.
1289 1340 1383 1404 Pseu.
1411 1339 1453 1402 ts

251 1441 416 1504 tannarii
436 1441 520 1504 llic
539 1442 622 1504 haec
641 1442 686 1504 ad
706 1457 777 1504 rem
797 1442 916 1504 habet:
959 1441 1072 1505 “Hinc
1092 1443 1258 1505 Doctores
1278 1442 1453 1506 sustinent

251 1543 341 1622 quod
367 1543 503 1622 quidem
529 1543 724 1606 officialinm
750 1542 873 1606 electio
898 1543 1049 1623 pertinet
1076 1544 1121 1607 ad
1147 1543 1352 1622 confratres,
1378 1560 1452 1606 con·

253 1644 403 1708 firmatio
426 1661 506 1707 vero
529 1646 573 1708 ad
598 1644 824 1724 Eplscopum:
848 1646 908 1707 sed
932 1645 1001 1707 imo
1024 1649 1060 1707 et
1083 1644 1206 1708 electio
1230 1645 1274 1709 ad
1298 1645 1452 1708 eumdem

253 1746 404 1824 pertinet
433 1746 653 1826 Episcopum,
682 1746 714 1809 si
745 1746 938 1811 confratres
967 1747 1188 1810 insufficienti
1219 1764 1360 1811 numero
1391 1765 1453 1828 per

252 1849 380 1928 triplex
412 1848 619 1912 scrutinium
654 1865 723 1910 non
757 1849 1008 1912 convenerint.”
1063 1850 1205 1913 Nullum
1240 1867 1321 1930 ergo
1355 1851 1454 1915 adest

252 1951 403 2030 dubium,
421 1951 512 2030 quod
529 1950 724 2014 officialium
743 1951 864 2014 electio
881 1952 927 2016 ad
944 1952 1079 2016 sodales
1097 1952 1191 2031 ipsos
1210 1956 1351 2032 spectet.

294 2051 503 2116 canonistae
520 2057 714 2132 sequentem
733 2053 818 2116 dant
834 2054 876 2116 de
894 2053 956 2117 hoc
974 2053 1160 2117 rationem:
1200 2055 1287 2116 “dns
1304 2055 1453 2133 eligendi

253 2155 409 2234 proprios
432 2154 592 2218 officiales
612 2159 648 2217 et
669 2154 848 2217 ministros
868 2153 1042 2234 profluens
1064 2171 1087 2217 o
1106 2157 1262 2218 naturali
1283 2157 1453 2236 {cecitate

252 2273 339 2336 quae
368 2256 496 2319 residet
526 2273 628 2337 penes
657 2255 837 2335 collegium
867 2256 1032 2335 competit
1061 2255 1248 2334 sodalibus,
1278 2261 1453 2320 reservata

253 2359 362 2422 solum
385 2358 558 2438 Episcopo
580 2361 753 2437 potestate
775 2357 854 2420 illos
877 2358 1026 2438 eligendi
1049 2375 1090 2420 ex
1112 2358 1190 2437 iure
1213 2357 1452 2435 devolutionis,

252 2461 282 2524 si
303 2460 342 2523 in
363 2459 469 2524 tertio
488 2460 658 2524 scrutinio
679 2460 813 2524 sodales
835 2477 905 2523 non
925 2461 1155 2538 convenerint,
1179 2461 1232 2524 vel
1253 2461 1451 2525 electionem

252 2563 293 2626 de
308 2563 452 2642 indigno
466 2561 644 2626 fecerint.”
656 2563 696 2598 ¹⁶¹

294 2663 333 2727 Si
346 2667 473 2744 agatur
487 2666 530 2727 de
545 2660 901 2727 confraternitatibus
917 2664 956 2726 in
970 2663 1123 2726 ecclesiis
1139 2663 1362 2747 Regularium
1378 2665 1453 2725 fun·

252 2767 355 2844 datis,
382 2765 540 2847 superlor
566 2765 748 2845 Regularis
775 2765 908 2828 nullum
936 2766 1038 2829 habet
1064 2766 1122 2845 ius
1148 2766 1297 2845 eligendi
1323 2783 1452 2829 earum·

253 2869 327 2931 dem
350 2867 686 2946 confraternitatum
709 2868 1019 2932 administratores.
1065 2869 1173 2933 Sacra
1194 2869 1285 2932 enim
1309 2869 1451 2949 congre

253 2971 347 3050 gotio
364 2969 511 3033 concilii
527 2969 623 3033 dedit
639 2970 704 3032 hac
720 2969 757 3032 in
775 2969 920 3033 materia
937 2970 1152 3048 decisionem,
1170 2987 1271 3050 quam
1288 2971 1452 3034 Eamboni

253 3072 345 3136 hisce
399 3073 506 3135 refert
560 3071 689 3133 verbis:
765 3072 902 3150 “Neque
957 3072 1220 3136 commendator
1274 3072 1452 3150 religlonis

253 3174 588 3252 Hierosolymitenae
618 3173 710 3236 valet
739 3190 777 3235 se
805 3172 959 3250 ingerere
989 3173 1027 3234 ln
1055 3171 1222 3236 electione
1252 3173 1449 3237 officialium

254 3275 438 3340 Sacrum
458 3275 697 3340 sanctissimae
718 3275 958 3338 Annuntiatae
977 3274 1159 3338 existentis
1180 3275 1218 3336 in
1239 3275 1394 3338 Ecclesia
1416 3275 1451 3338 ⁸.

253 3377 400 3442 loannis
422 3377 606 3457 Baptistae
648 3423 657 3439 .
701 3423 709 3440 .
753 3422 773 3446 ·.
804 3393 891 3454 quae
912 3376 1075 3439 ecclesiae
1097 3375 1273 3454 religionis
1296 3375 1451 3438 Hieroso

253 3479 440 3561 lpmltanae
462 3478 698 3559 iurisdictioni
721 3496 758 3542 se
781 3478 971 3557 subjectam
994 3495 1068 3541 esse
1091 3477 1368 3542 autumabat.”¹⁸‘

294 3584 410 3662 Neque
432 3582 603 3661 parochus
625 3599 687 3644 seu
710 3579 932 3661 cappellanus
954 3580 1118 3644 ecclesiae
1143 3580 1452 3645 confraternitatis

252 3685 319 3748 sibi
352 3684 528 3747 vindicare
558 3686 672 3764 potest
704 3683 762 3761 ius
793 3674 943 3761 'eligendi
978 3680 1156 3762 Officiales,
1192 3682 1246 3745 uti
1279 3685 1376 3762 patet
1410 3698 1452 3744 ex

252 3787 471 3866 responsione
485 3784 612 3849 Sacrae
624 3783 907 3863 congregationis
920 3784 1168 3863 Episcoporum
1181 3787 1217 3848 et
1228 3783 1450 3864 Regularium

252 3906 344 3952 anno
363 3889 456 3951 1721.
497 3886 768 3966 Interrogationi
787 3887 896 3949 euim:
937 3887 1014 3948 “An
1032 3887 1193 3951 officiales
1213 3904 1273 3949 seu
1293 3888 1451 3968 magistri

252 3991 324 4053 sint
352 3989 500 4069 eligendi
530 4008 552 4053 a
580 3993 656 4052 toto
684 4005 825 4068 corpore
853 3987 1163 4051 confraternitatis
1193 4005 1253 4052 seu
1283 3988 1400 4067 potius
1429 4006 1450 4051 a

252 4093 453 4172 cappellano
486 4091 638 4170 eiusdem
670 4089 1104 4168 ecclesiael-Respondit:
1159 4090 1371 4169 Apimotioe
1406 4094 1452 4155 ed

253 4196 393 4274 primastr
408 4197 553 4273 portem,
574 4193 731 4272 negative
752 4195 797 4255 od
817 4192 1032 4256 secondom?

286 4345 314 4372 ¹¹·
322 4344 474 4400 Analecta,
492 4341 560 4399 Xll,
579 4353 644 4402 pag.
663 4340 706 4396 88.
724 4353 805 4392 num.
824 4339 884 4397 497,
903 4340 940 4392 ad
959 4337 1044 4390 tum.

287 4414 312 4440 ¹⁸¹
322 4411 431 4472 Tachy,
447 4422 493 4472 op.
509 4409 559 4462 cit.
576 4421 656 4461 num.
674 4409 735 4468 tot,
752 4409 785 4459 ln
801 4420 931 4467 corpore.

286 4479 473 4537 ¹·zsmnon1.
496 4478 649 4536 collectio,
670 4481 741 4530 tom.
766 4478 820 4533 ΙΙΙ,
843 4479 869 4530 V
892 4476 1081 4535 sodalitium,
1104 4477 1272 4538 paragraph
1295 4476 1345 4534 Vl,
1369 4489 1449 4530 num.

145 4593 149 4602 .
251 4547 318 4606 1,t.
