3340 5170
207 462 245 522 20
464 465 513 521 De
533 463 871 536 Confrateraitatibas
888 464 1129 524 &eclesiasticis

251 661 357 722 Italia
373 677 451 751 vero
469 679 543 722 cum
561 663 632 725 tere
647 668 723 725 tota
740 681 761 726 a
777 665 912 726 saeculo
930 666 983 730 IX
1000 682 1106 743 usque
1122 667 1294 728 saeculum
1312 666 1405 726 XIII

208 762 358 850 assiduis
379 764 611 825 Barbarorum
632 765 886 826 incursionibus
906 767 1116 845 reperiretur
1136 769 1348 845 perturbata,
1371 770 1406 829 et

208 865 251 930 ab
277 865 750 928 intestinisdissensionibus
777 867 1000 945 civilibusque
1025 868 1124 929 bellis
1151 870 1313 944 lacerata,
1341 868 1405 947 ple·

208 982 314 1044 reque
338 966 480 1043 pietatis
505 972 539 1028 et
566 967 747 1030 charitatis
773 968 882 1031 officia
906 970 1102 1045 exulabant,
1129 969 1245 1047 nilque
1271 969 1405 1044 mirum,

208 1068 297 1145 quod
317 1085 355 1144 eo
376 1086 482 1145 usque
502 1070 598 1131 nulla
618 1074 680 1130 aut
700 1087 784 1147 pene
804 1071 900 1131 nulla
920 1070 1115 1147 hujusmodi
1136 1070 1406 1131 confraternita-

208 1172 281 1231 tum
296 1169 423 1232 mentio
438 1171 532 1232 iacta
548 1171 778 1248 reperiatur.²²

229 1257 368 1362 ¹Solum
393 1273 430 1332 in
455 1273 608 1334 Concilio
632 1274 784 1335 Romano
809 1275 901 1350 1189,
926 1275 1133 1336 describitur
1158 1273 1321 1352 Societas,
1346 1292 1405 1336 sen

209 1373 378 1450 Frateria,
394 1375 445 1435 vel
461 1375 602 1436 Fratris
618 1374 759 1436 Clericis
775 1380 809 1437 et
825 1375 938 1437 Laicis
954 1380 1125 1437 constans.

251 1477 317 1536 Per
343 1479 565 1537 transennam
594 1475 648 1536 hic
675 1477 799 1538 addere
825 1477 972 1554 expedit,
1000 1479 1090 1554 quod
1118 1495 1239 1538 nomen
1267 1478 1407 1539 Confra-

209 1577 387 1639 ternitatis
421 1594 489 1637 non
521 1594 652 1654 semper
685 1578 902 1655 significabat
935 1578 1016 1639 olim
1050 1579 1173 1640 bonam
1206 1577 1407 1640 ecclesiasti-

209 1695 348 1756 camque
368 1679 597 1756 sodalitatem,
618 1681 677 1740 sed
699 1679 884 1757 aliquando
905 1679 1122 1757 significabat
1142 1680 1247 1741 etiam
1268 1680 1406 1741 socIeta·

208 1783 277 1842 tem
299 1779 411 1840 minus
432 1780 618 1841 honestam.
661 1781 814 1842 Perbelle
836 1782 897 1841 hoc
918 1781 1041 1858 probat
1062 1781 1106 1841 M.
1129 1781 1262 1842 L'Abbe
1283 1779 1406 1856 Migne.

208 1882 247 1942 in
267 1900 330 1943 suo
350 1899 450 1960 opere
472 1884 632 1944 “Novella
653 1883 901 1961 Euryclopedie
922 1881 1157 1961 Theologique,
1180 1889 1261 1945 tom.
1285 1885 1312 1945 Ι.
1336 1885 1407 1944 “De

209 1983 564 2045 Oontraternitatibus
593 1989 628 2046 et
660 1985 966 2062 Oorporationibus
997 1985 1157 2046 artium.''
1210 1986 1298 2047 Ecce
1328 2002 1405 2063 quo-

209 2070 308 2146 modo
323 2086 443 2147 scribit
458 2087 621 2147 laudatus
637 2087 681 2147 M.
697 2087 830 2148 L’Abbe
845 2087 960 2165 Migne
974 2087 1011 2147 in
1026 2088 1243 2165 paragrapho
1259 2086 1406 2149 secundo

208 2188 245 2248 in
262 2188 339 2265 ipsa
357 2188 457 2249 citati
475 2187 587 2265 operis
605 2188 877 2250 introductione:
917 2191 1001 2272 “Est
1020 2189 1136 2266 opinio
1154 2190 1258 2252 etiam
1277 2190 1406 2252 nostris

208 2289 418 2366 temporibus
451 2289 538 2350 satis
570 2290 766 2368 frequenter
797 2289 958 2368 admissa,
992 2291 1305 2353 Confraternitates
1338 2308 1406 2351 non

208 2391 316 2453 fuisse
331 2391 505 2452 ordinarie
520 2391 588 2452 nisi
604 2396 803 2468 praetextus
819 2381 955 2454 'fucatos
971 2393 1016 2454 ad
1032 2393 1203 2454 habendos
1221 2396 1406 2454 conventus

208 2493 321 2554 minus
338 2493 506 2554 honestos.
545 2493 648 2554 Multi
665 2509 808 2570 quorum
825 2493 941 2554 odium
957 2497 992 2555 et
1010 2494 1268 2571 antagonismus
1286 2497 1406 2555 contra

208 2594 442 2656 Christianam
465 2594 675 2672 Religionem
697 2595 794 2680 satis
808 2595 945 2671 cognita
968 2600 1059 2672 sunt,
1083 2596 1248 2658 instituta
1271 2596 1334 2658 illa
1356 2613 1405 2658 ve·

208 2696 375 2768 nerabilia
400 2696 486 2756 risui
512 2695 714 2757 habuerunt.
761 2697 898 2757 Abusus
921 2696 1054 2774 aliquos
1079 2697 1258 2775 irrepsisse
1283 2715 1406 2776 negare

207 2814 276 2857 non
295 2815 485 2875 possumus.
527 2799 690 2858 Attamen
710 2798 837 2860 abusus
856 2797 909 2859 illi
929 2798 1114 2860 fueruntne
1133 2802 1205 2860 tam
1226 2816 1344 2876 graves
1365 2815 1406 2861 ac

208 2902 279 2960 tam
307 2899 502 2976 trequentes
529 2916 631 2976 quam
659 2899 725 2959 viri
753 2899 814 2961 isti
840 2902 1103 2977 extravagantes
1132 2899 1300 2962 affirmare
1329 2899 1405 2962 ausi

208 3001 314 3063 sunt?
353 3001 428 3061 Uno
446 3001 546 3062 verbo
564 3016 720 3062 excessus
738 3000 891 3062 illinunt
909 3001 996 3062 tales
1015 3003 1054 3062 ut
1072 3000 1268 3078 suppressio
1285 3001 1406 3063 totalis

209 3101 543 3164 Confraternitatum
561 3101 745 3180 approbari
762 3101 884 3162 exinde
900 3101 1019 3180 possit,
1037 3119 1077 3163 ac
1094 3103 1255 3163 damnum
1272 3103 1405 3164 nullum

209 3203 370 3278 attulerit
394 3218 511 3264 earum
534 3201 714 3264 absentia?
760 3202 925 3280 Equidem
951 3220 1012 3263 nos
1036 3203 1204 3264 affirmare
1227 3202 1314 3263 illud
1338 3220 1406 3264 non

207 3305 418 3389 auderemus,
439 3304 542 3366 sicuti
562 3305 632 3382 jam
652 3305 741 3367 dixit
763 3305 807 3366 M.
828 3305 962 3368 L'Abbe
982 3305 1238 3368 Ouin-Lacroix.
1280 3306 1405 3367 Existi-

208 3423 340 3468 mamus
357 3407 472 3484 potius
490 3407 617 3468 abusus
634 3407 713 3467 illos
731 3407 839 3468 fuisse
856 3411 993 3485 praeter
1010 3407 1146 3467 modum
1164 3411 1386 3484 exaggeratos
1396 3425 1404 3482 ;

207 3523 287 3570 nam
311 3507 395 3570 bene
420 3512 538 3568 notum
563 3512 616 3569 est
640 3507 764 3569 mentis
790 3509 958 3570 humanae
982 3508 1159 3586 proprium
1184 3525 1257 3570 esse
1282 3524 1406 3587 augere

209 3609 406 3687 saepissime
429 3609 556 3670 malum
579 3609 616 3670 in
639 3608 880 3670 detrimentum
904 3609 994 3671 boni.
1038 3609 1211 3686 Quidquid
1235 3610 1292 3687 sit,
1314 3627 1405 3670 cone·

209 3728 285 3771 mur
307 3711 425 3774 totins
457 3711 507 3771 rei
539 3716 694 3772 exactam
726 3711 854 3772 referre
885 3711 1247 3788 imaginem-ardenti
1281 3712 1352 3772 zelo
1384 3729 1405 3771 a

208 3812 383 3888 primitivo
407 3813 540 3874 fervore
563 3813 739 3874 derivante
763 3813 946 3887 animatae,
971 3812 1152 3873 societates
1174 3812 1264 3874 istae
1289 3831 1309 3874 a
1333 3812 1405 3874 suis

208 3913 406 3992 primordiis
426 3914 563 3974 nonnisi
583 3913 736 3991 exempla
755 3914 922 3974 virtutum
941 3917 976 3975 et
995 3913 1185 3975 devotionis
1205 3905 1405 3991 praesefere-

207 4000 301 4076 bant.
341 4015 493 4077 Membra
510 4017 554 4076 ad
572 4015 715 4076 invicem
734 4015 943 4076 uniebantur
960 4015 1170 4075 solummodo
1189 4015 1233 4076 ad
1251 4019 1404 4076 mutuam

208 4116 478 4180 aedificationem
502 4122 536 4178 et
559 4117 720 4179 solatium
744 4115 953 4194 reciprocum
976 4116 1014 4176 iu
1037 4115 1299 4176 necessitatibus
1323 4116 1405 4176 suIs.

209 4219 257 4279 At
284 4218 409 4279 sensim
438 4218 512 4279 sine
540 4235 652 4293 sensu,
680 4234 741 4295 per
768 4217 941 4279 funestam
969 4216 1228 4278 inclinationem
1258 4218 1405 4278 humano

208 4320 322 4396 generi
345 4319 548 4394 naturalem,
570 4319 674 4380 ardor
695 4319 753 4380 ille
774 4317 927 4395 priorum
950 4318 1082 4379 dierum
1104 4317 1276 4394 refriguit,
1298 4319 1405 4379 obser-

207 4421 325 4482 vantio
351 4421 463 4482 laxior
489 4424 700 4482 statutorum
728 4420 764 4480 in
791 4418 1097 4496 transgressionem
1125 4418 1344 4496 degeneravit
1371 4421 1406 4478 et

242 4570 415 4628 ”Ferraria
434 4568 575 4627 Prompta
594 4565 786 4623 Bibliotheca,
804 4565 837 4616 V.
857 4563 1105 4621 Contraternltas,
1125 4566 1179 4614 art.
1201 4564 1224 4622 Ι,
1243 4577 1271 4614 n.
1292 4564 1333 4615 84.
