3336 5166
740 699 888 764 CAPUT
907 703 981 764 XII

502 885 505 888 ·
523 867 565 910 DE
580 867 832 912 rmcnnnmrs
847 869 1201 915 coNrRArnssrtirsroM

307 984 405 1045 Inter
431 984 657 1063 quaestiones,
684 1002 771 1063 quae
797 1004 897 1065 saepe
924 987 1191 1066 agitari'solent
1216 990 1255 1051 in
1280 991 1375 1068 loeis,
1403 991 1463 1053 ubi

263 1088 380 1167 plures
406 1086 631 1149 inveniuntur
659 1087 982 1168 confraternitates,
1010 1107 1079 1152 non
1105 1091 1266 1154 ultimum
1293 1097 1385 1155 certe
1413 1110 1463 1154 oc·

264 1175 369 1267 cupat
389 1189 501 1250 locum
524 1189 679 1268 quaestio
701 1191 743 1252 de
764 1191 1003 1269 praecedentia
1024 1193 1116 1255 inter
1138 1193 1462 1257 Contraternitates.

306 1293 417 1354 Juxta
449 1290 658 1370 principium
691 1293 848 1370 generale
880 1294 979 1355 Jurir
1015 1293 1189 1373 Oanomci,
1223 1297 1464 1374 praecedentia

264 1392 413 1471 alirujus
459 1392 767 1456 confraternitatis
811 1394 913 1473 juxta
956 1396 1200 1474 antiquitatem
1245 1397 1462 1461 fundationis

264 1496 453 1575 regulatur.
491 1477 1128 1576 11111111111111111,(1111(111111111111205
1146 1499 1170 1560 J
1171 1499 1245 1560 uris
1262 1500 1350 1578 “Qui
1367 1500 1464 1578 prior

265 1601 318 1660 ert
338 1601 499 1676 tempore,
516 1597 632 1690 potior
650 1601 702 1660 eet
719 1599 818 1677 jore’
836 1599 1034 1678 applicatur
1052 1602 1088 1663 et
1108 1598 1464 1662 Confraternitatibus

263 1699 527 1778 111111111111111,
547 1699 674 1762 ntitas
693 1703 746 1762 est
765 1701 874 1763 videri
893 1718 935 1763 ex
955 1701 1234 1781 “Disceptatione
1256 1702 1464 1781 Synoptica’'

271 1801 465 1878 (duodecim
486 1799 623 1880 paginis
643 1797 822 1879 constans)
849 1803 943 1866 11111
963 1803 1253 1882 Praecedentiam,
1275 1805 1317 1866 de
1337 1822 1405 1883 qua
1427 1804 1465 1865 in

265 1904 364 1966 Actis
382 1902 529 1968 Sanctae
545 1903 643 1966 Sedis
660 1905 724 1966 vol.
742 1885 906 1982 XXXIV,¹
923 1922 999 1984 pag.
1017 1906 1067 1967 13.
1106 1905 1351 1984 Compendium
1367 1905 1464 1983 11111,
1587 1957 1589 1962 .

264 2008 355 2086 quod
377 2005 456 2069 huic
479 2006 732 2085 Disceptationi
755 2023 893 2070 causam
917 2008 1086 2087 praebuit,
1110 2008 1180 2070 tuit
1202 2009 1282 2070 hoe:
1308 2009 1350 2068 In
1373 2009 1465 2070 Urbe

268 2108 360 2171 Mola
377 2109 541 2171 dioecesis
555 2108 678 2171 Baren.
694 2093 811 2185 plures
825 2109 1019 2189 jampriden
1035 2110 1246 2173 constitutae
1261 2128 1320 2172 era
1337 2109 1466 2172 Sodali·

267 2214 368 2287 tates,
391 2228 536 2288 quarum
560 2211 649 2272 duae
671 2228 791 2288 nempe
808 2210 1188 2274 utrchiconirateruitas
1211 2213 1274 2274 sub
1296 2212 1402 2274 titulo
1425 2201 1464 2272 B.

265 2311 310 2373 Μ.
325 2312 367 2374 V.
382 2328 403 2374 a
417 2312 562 2374 Rosario
576 2316 612 2375 et
627 2313 737 2375 altera
753 2313 1129 2376 Archicontraternitas
1146 2313 1281 2393 Septem
1299 2315 1463 2376 Dolorum

265 2414 305 2477 B.
329 2415 374 2476 M.
395 2415 438 2504 V.
459 2415 531 2492 J'am
553 2432 575 2477 a
596 2414 754 2492 pluribus
777 2415 878 2478 annis
901 2415 1112 2478 dimicabant
1134 2415 1228 2477 iuter
1250 2416 1349 2479 sede
1372 2433 1465 2494 prae

265 2516 441 2579 cedentiae
459 2516 537 2596 jure
556 2520 591 2579 et
610 2518 814 2596 expetebant
834 2517 1045 2580 definitivam
1066 2517 1282 2580 sententiam.
1326 2518 1464 2580 Gontro

265 2619 378 2681 versia
391 2619 473 2682 haee
486 2619 654 2697 originem
665 2620 811 2682 ducebat
825 2637 847 2682 a
859 2619 994 2681 diverso
1005 2619 1102 2682 tonte
1114 2619 1213 2698 jurir,
1228 2622 1318 2682 unde
1331 2621 1465 2682 sodales

268 2721 336 2783 sibi
350 2721 573 2783 vindicabant
589 2721 849 2800 praecedentiae
866 2722 933 2801 jus,
949 2721 1115 2799 siquidem
1132 2723 1266 2784 sodales
1284 2741 1305 2784 a
1321 2722 1466 2784 Rosario

266 2822 352 2886 dicti
366 2824 566 2902 repetebant
580 2841 677 2885 suam
693 2823 877 2902 juridicam
892 2823 1147 2886 institutionem
1162 2824 1232 2902 J'am
1248 2825 1301 2886 ab.
1317 2842 1348 2887 1.
1364 2823 1464 2900 1400;

266 2942 369 3004 quam
391 2925 636 3003 antiquitatem
657 2925 786 2988 directe
807 2942 876 2987 non
897 2926 1143 2988 inficiabantur
1164 2927 1299 2989 adversi
1322 2925 1466 3003 sodales,

267 3027 326 3106 qui
340 3029 457 3090 tamen
471 3027 502 3089 si
517 3009 586 3088 non
601 3032 762 3106 tempore,
776 3029 853 3108 jore
868 3027 1003 3106 quidem
1019 3031 1110 3090 certe
1126 3028 1276 3107 potiores
1291 3045 1364 3090 esse
1380 3027 1466 3090 arbi·

267 3130 462 3207 trahantur,
479 3118 605 3208 quippe
621 3130 679 3209 qui
695 3131 828 3208 rapiam
844 3147 1021 3192 orreorum
1036 3134 1071 3192 et
1087 3130 1167 3191 hinc
1184 3133 1312 3191 certam
1329 3129 1466 3191 institu-

267 3231 394 3293 tionem
418 3219 642 3293 obtinuerunt
665 3231 781 3311 aliquo
804 3235 956 3310 tempore
979 3235 1060 3294 ante
1083 3233 1261 3294 adversam
1285 3231 1465 3292 Archicon-

267 3333 534 3396 fraternitatem.

309 3435 357 3498 nt
383 3434 489 3497 Sacra
514 3435 742 3513 Congregatio
766 3435 821 3497 die
845 3435 886 3496 25
911 3435 997 3512 Maji
1022 3434 1114 3511 1901,
1140 3435 1328 3496 resolution
1354 3434 1466 3496 dedit:

268 3537 547 3600 PraecedentIam
575 3540 730 3616 spectare
757 3538 801 3598 ad
829 3536 1282 3598 Archinconiraternitatem
1311 3555 1331 3599 a
1361 3536 1467 3599 SSmo

268 3637 423 3700 Rosario.
713 3638 716 3642 ’

311 3728 570 3802 Controversiae
600 3741 641 3801 de
671 3739 911 3817 praecedentia
940 3739 978 3800 in
1008 3738 1290 3819 processionibus,
1322 3739 1467 3817 aliisque

268 3841 504 3904 functionibus
520 3842 613 3904 inter
628 3842 742 3904 varias
760 3841 1083 3919 Contraternitates,
1099 3859 1160 3920 per
1177 3841 1467 3904 ConstitutIonem

270 3945 427 4022 Gregorii
447 3946 551 4021 XIII,
573 3944 758 4022 “Exposcit
778 3944 965 4023 pastoralis
985 3942 1106 4006 officii''
1126 3944 1210 4005 data
1230 3943 1285 4004 die
1305 3942 1346 4004 25
1367 3941 1467 4020 Julii,

270 4047 361 4125 1853,
383 4046 591 4124 compositae
612 4037 764 4108 fuerunt.
808 4044 971 4108 Pontifex
992 4044 1141 4107 breviter
1161 4045 1259 4105 litem
1282 4045 1345 4106 hoc
1368 4044 1467 4105 modo

154 4195 159 4201 .
269 4148 433 4212 absolvit:

311 4251 399 4324 “Qui
423 4251 558 4329 (nempe
575 4249 725 4326 sodales)
749 4249 786 4311 in
805 4248 903 4327 quasi
921 4247 1133 4327 possessione
1152 4247 1410 4326 praecedentiae
1428 4263 1468 4309 11

269 4352 358 4431 J'uris
373 4352 596 4432 praecedendi
612 4355 704 4430 sunt,
720 4351 746 4412 ii
770 4351 1052 4430 (quibuscumque
1067 4349 1377 4426 reclamationibus,
1394 4364 1468 4426 pro·

303 4530 455 4590 ”Regula
472 4529 549 4588 luris
567 4527 640 4579 LIV.

1385 4633 1434 4682 1as
