3340 5170
466 406 517 464 De
536 403 875 479 Ooairotcmiiotibue
891 401 1134 462 Eooleaioeiioia
1374 399 1412 458 59

255 601 362 663 Sacra
387 600 550 680 Congreg.
574 602 613 663 in
636 602 786 665 comitiis
809 602 1025 681 generalibus
1048 601 1177 664 habitis
1202 601 1295 676 apud
1317 602 1413 663 Vati·
1510 646 1512 654 ι

211 721 317 766 canas
333 705 443 766 Aedes
460 704 516 766 die
531 705 572 766 29
587 705 738 783 Augusti
755 705 848 782 1864,
865 705 986 768 audito
1002 705 1211 769 consultoris
1227 710 1306 769 voto
1323 708 1359 767 et
1376 720 1413 766 re

211 809 347 868 mature
365 822 533 886 perpensa
553 807 747 884 respondit:
778 799 1000 870 affirmative.
1281 832 1283 834 ·

253 910 338 970 Post
356 909 492 988 elapsos
512 912 627 971 autem
647 912 784 971 tautum
804 927 914 972 annos
933 909 1110 972 duodecim
1130 910 1175 972 ab
1194 910 1257 971 boc
1276 910 1414 971 decreto

214 1011 248 1072 S.
273 1011 557 1089 Congregationis
582 1012 891 1089 indulgentiarum,
917 1011 1024 1074 sacra
1047 1010 1276 1089 Oongregatio
1301 1009 1414 1088 Inqui-

211 1112 350 1174 sitionis
369 1113 479 1175 edidit
498 1113 554 1176 die
571 1115 611 1175 13
630 1113 825 1176 Decembris
844 1130 935 1176 anno
955 1114 1038 1176 1876
1056 1114 1154 1176 aliud
1173 1114 1356 1192 decretum,
1376 1113 1415 1174 in

212 1231 279 1293 quo
307 1215 369 1277 dat
395 1214 600 1278 decisionem
628 1215 919 1278 Ooniraternitati
946 1216 1073 1278 N.-D.
1101 1216 1150 1277 du
1179 1215 1414 1292 SacreOoeur,

211 1316 346 1378 dicens:
384 1319 463 1378 Noa
491 1317 649 1396 capedire
677 1318 871 1380 adscribere
898 1318 1062 1396 infantes.
1111 1317 1167 1379 lit·
1187 1317 1346 1380 observat
1373 1317 1413 1379 P.

212 1419 380 1497 Beriuger
403 1420 494 1497 quod
519 1418 646 1481 decisio
671 1419 754 1481 baec
779 1420 917 1482 deberet
941 1419 1043 1498 praxi
1068 1419 1270 1482 demandari
1295 1419 1416 1498 illique

211 1521 409 1582 deberemus
429 1538 492 1583 nos
511 1521 611 1599 quasi
630 1537 763 1600 semper
780 1521 1004 1584 accomodari.
1046 1521 1143 1584 Dicit
1163 1521 1263 1600 quasi
1283 1537 1415 1600 semper

212 1625 249 1684 et
267 1639 337 1684 non
355 1639 497 1701 semper,
516 1623 636 1685 nolens
654 1627 746 1686 certe
765 1623 898 1686 aditum
918 1623 1119 1702 praepedire
1138 1623 1333 1686 infantibus
1352 1639 1416 1703 pro

211 1725 257 1786 iis
293 1724 659 1802 Goniraternitatibus,
694 1741 780 1803 quas
814 1724 883 1803 ipsi
916 1725 1100 1804 praecipue
1133 1727 1169 1786 et
1203 1724 1415 1786 solummodo

211 1827 404 1903 efformant,
425 1826 478 1888 uti
497 1827 568 1905 J’am
588 1827 752 1889 vidimus..
788 1828 865 1890 Tali
883 1828 920 1889 in
941 1844 1024 1890 casu
1043 1828 1265 1906 parvulorum
1286 1830 1415 1889 matres

213 1929 348 1990 debitas
370 1946 433 2006 pro
455 1929 541 2008 ipsis
563 1929 712 1992 recitant
734 1946 850 2009 preces
873 1931 1083 2008 usquedum
1106 1930 1174 2009 ipsi
1196 1931 1332 1994 easdem
1354 1947 1416 2008 per

212 2031 343 2108 seipsos
357 2031 502 2093 fundere
515 2048 657 2110 capaces
670 2032 828 2094 evadant.

253 2133 284 2195 3.
297 2135 474 2195 'Martiales
490 2138 662 2212 nequeunt
677 2151 751 2197 sese
766 2134 952 2198 inscribere
967 2136 1005 2197 in
1022 2136 1335 2199 Ooniraternitates
1353 2136 1414 2200 ΒΕ.

212 2235 361 2314 Bosarii,
386 2235 551 2314 chordae,
576 2235 771 2315 (lincturae,
796 2240 836 2300 et'
856 2236 1092 2315 1ιιι]“ιιιιιιιιι11.7ο
1118 2238 1246 2302 vSacra
1272 2238 1415 2318 Oongre

212 2337 307 2414 gatio
326 2336 417 2399 enim
434 2336 699 2417 archiepiscopo
715 2339 823 2401 Zarae
840 2339 896 2401 die
912 2340 955 2402 227
974 2339 1133 2402 Octobris
1152 2357 1243 2404 anno
1261 2342 1344 2403 1593
1362 2342 1415 2403 ita

212 2439 401 2501 scribebat:
1237 2483 1239 2488 -

256 2542 355 2602 “Non
385 2540 612 2619 permittitur,
642 2542 733 2620 quod
764 2542 932 2605 Moniales
962 2560 999 2604 se
1028 2543 1163 2606 iaciant
1193 2545 1343 2607 adscribi
1374 2545 1413 2608 in

215 2641 404 2704 Societates
423 2642 457 2704 S.
473 2643 621 2720 Rosarii,
639 2643 804 2722 chordae,
821 2644 1007 2708 Cincturae
1021 2649 1057 2708 et
1074 2646 1330 2724 1ιιι]“ιιιιιιοι11.”τι

255 2745 285 2805 4.
308 2744 454 2821 Magnus
471 2761 633 2806 numerus
650 2762 872 2825 personarum
889 2747 1085 2810 excluditur
1100 2765 1121 2810 a
1137 2749 1313 2810 nonnullis
1331 2748 1414 2810 Gon-

213 2845 497 2907 fraternitatibus
512 2847 555 2907 ob
572 2846 669 2909 illam
686 2846 795 2908 solam
812 2847 991 2926 rationem,
1008 2849 1099 2926 quod
1117 2866 1185 2910 non
1203 2850 1275 2912 sint
1291 2851 1334 2912 de
1350 2855 1414 2912 ter·

214 2946 347 3024 ritorio,
371 2964 434 3026 pro
457 2965 523 3025 quo
546 2947 741 3010 associatio
764 2966 824 3011 seu
848 2949 1127 3013 Ooniraternitas
1150 2951 1220 3014 fuit
1242 2956 1357 3015 erecta
1379 2956 1415 3015 et

214 3049 416 3127 approbata.
459 3049 521 3111 Uti
541 3049 641 3111 enim·
654 3052 774 3128 postea
795 3051 939 3128 dicetur,
960 3051 1131 3132 incapite
1153 3054 1225 3115 “De
1246 3055 1414 3132 Agg'rega·

212 3151 340 3227 tione,’'
357 3151 467 3212 solum
484 3151 896 3214 Archiconfraternitates
914 3154 1097 3232 Romanae,
1115 3155 1235 3232 regula
1253 3155 1414 3233 generali,

214 3255 360 3330 possunt
376 3251 443 3313 sibi
459 3252 652 3314 adscribere
668 3254 802 3315 sodales
818 3253 943 3332 ubique
959 3258 1141 3318 terrarum.
1179 3256 1320 3319 Ceterae
1336 3274 1415 3319 vero

214 3357 388 3432 nequeunt
411 3353 560 3432 recipere
583 3371 746 3434 personas
769 3372 856 3433 quae
879 3373 947 3416 non
970 3360 1053 3418 sunt
1076 3358 1117 3419 de
1139 3358 1317 3419 territorio
1339 3359 1430 3436 ipso.

214 3455 274 3517 ubi
288 3455 409 3517 existit
424 3455 712 3519 eonfraternitas.
750 3457 796 3518 nt
812 3457 882 3519 ista
897 3458 1017 3535 regula
1033 3459 1202 3536 generalis
1218 3460 1416 3538 applicatur

214 3573 279 3634 pro
306 3556 464 3634 omuibus
494 3556 859 3636 Goniratemitatibus,
887 3575 974 3638 quae
1003 3560 1213 3638 approbatae
1242 3565 1324 3623 sunt
1353 3578 1416 3640 pro

215 3659 333 3737 aliqua
350 3659 580 3722 determinata
596 3659 743 3737 regione,
760 3659 814 3721 uti
831 3677 894 3738 pro
912 3661 1038 3738 Gallia,
1057 3662 1172 3740 Italia,
1190 3666 1265 3741 etc,
1282 3666 1335 3726 vel
1352 3679 1415 3742 pro

216 3764 311 3823 certa
325 3765 463 3822 tantum
478 3760 623 3822 dioecesi
639 3765 781 3838 erectae,
797 3762 905 3824 relate
920 3763 964 3824 ad
980 3780 1065 3840 quas
1082 3763 1197 3825 fideles
1213 3768 1312 3825 extra
1326 3764 1416 3826 tales

216 3862 344 3924 limites
375 3867 632 3940 commorantes,
662 3865 818 3925 ectroaei
847 3865 916 3926 dici
946 3869 1100 3942 possunt.
1151 3865 1255 3928 Patet
1284 3867 1347 3930 boc
1375 3884 1417 3928 ex

216 3965 352 4027 decreto
368 3965 567 4026 authentico
584 3983 616 4026 n.
633 3966 706 4043 403,
721 3968 765 4028 ad
782 3968 811 4028 1.
851 4025 853 4028 ,
1057 3963 1058 3966 ’

259 4067 288 4128 5.
310 4067 479 4128 Absentea
505 4066 650 4146 denique
675 4085 745 4129 non
771 4073 916 4148 possunt
943 4070 1093 4133 adscribi
1119 4071 1157 4133 in
1185 4072 1417 4133 Confraterni·

217 4171 319 4230 tates.
371 4167 574 4231 Praesentia
605 4170 796 4248 personalis
828 4171 990 4250 fidelium,
1021 4172 1081 4250 qui
1112 4171 1310 4236 desiderant
1341 4182 1416 4236 sese

251 4318 271 4344 '⁰
281 4317 372 4367 Sacra
388 4317 530 4376 congreg.
547 4317 627 4375 apud
643 4317 808 4376 Pignatell„
825 4321 896 4370 tom.
911 4319 960 4370 VI.
977 4318 1093 4371 colsult.
1112 4320 1153 4377 85,
1170 4331 1199 4372 n.
1216 4298 1277 4372 213.

252 4386 372 4437 ”Juxta
392 4398 502 4436 novum
523 4387 660 4438 codicem
681 4389 751 4439 cau.
773 4389 824 4439 693
847 4387 880 4448 54
900 4388 1045 4448 Religiosi
1066 4394 1190 4448 possunt
1211 4390 1270 4449 plis
1292 4392 1418 4442 associa-

216 4455 349 4507 tiouibus
371 4468 479 4507 nomen
502 4457 581 4514 dare,
604 4457 735 4516 exceptis
757 4458 797 4509 ils
818 4471 945 4518 quarum
967 4460 1055 4519 leges,
1079 4461 1272 4520 superiorum
1295 4461 1416 4522 iudicio,

216 4536 285 4575 cum
301 4523 491 4577 observantia
507 4525 627 4585 regulae
642 4529 672 4578 et
688 4527 936 4579 constitutionum
953 4529 1108 4580 conciliari
1124 4534 1279 4590 nequeant.
