3340 5170
237 450 275 508 48
495 453 545 510 De
564 447 903 524 Ooasraternttattbaa
919 453 1161 510 aeclesiasticis

239 644 378 725 proprie
396 643 500 707 dictis
521 661 598 706 cum
619 661 685 706 usu
705 660 891 707 saccorum.
934 644 1083 707 sienim
1105 645 1146 707 de
1168 645 1438 710 Confraternita-

240 748 334 810 tibus
356 750 482 830 agatur
503 763 589 824 quas
610 746 760 808 diximus
783 746 854 808 late
875 750 1044 824 acceptas,
1068 745 1202 824 sufficit,
1227 748 1264 808 in
1288 748 1439 826 propriis

240 849 490 926 Religiosorum
510 848 671 926 ecclesiis,
692 865 876 910 consensus
896 849 1087 925 praestitus
1106 851 1149 910 ab
1169 849 1355 912 Ordinario
1376 866 1439 930 pro

238 950 408 1012 erectione
424 950 619 1012 Conventus
634 950 776 1013 Ordinis
792 951 831 1011 in
847 951 1002 1014 dioecesi.

170 1069 171 1072 ¹
280 1053 311 1124 4.
332 1052 458 1114 Nullae
485 1052 575 1114 aliae
604 1056 749 1130 possunt
774 1053 817 1114 ab
846 1053 998 1130 erigente
1026 1053 1270 1116 communicari
1299 1053 1439 1116 Contra·

238 1155 400 1216 tenuitati
417 1155 662 1232 indulgentiae,
680 1157 817 1233 praeter
834 1171 903 1232 cas,
920 1155 1061 1232 quaein
1079 1155 1169 1216 hunc
1187 1155 1288 1216 finem
1307 1155 1439 1216 luerint

239 1273 425 1318 concessae.
476 1256 678 1334 Requiritur
707 1259 821 1318 autem
851 1256 1010 1335 specifica
1038 1260 1073 1319 et
1102 1256 1281 1319 individua
1310 1256 1440 1318 mentio

238 1359 462 1437 singulorum.

281 1461 309 1522 5.
334 1461 487 1538 Statuta,
519 1460 550 1521 si
582 1477 669 1538 quae
700 1459 772 1520 sint
804 1459 943 1520 condita
981 1459 1066 1534 (non
1098 1463 1180 1521 sunt
1213 1459 1438 1535 necessaria),

238 1563 378 1642 probari
393 1563 517 1624 debent
532 1561 575 1624 ab
590 1561 771 1638 Episcopo,
787 1561 846 1639 qui
861 1560 978 1623 eadem
995 1561 1163 1638 corrigere
1179 1563 1302 1639 potest.

255 1717 256 1726 ,
281 1666 310 1727 6.
333 1665 476 1726 Gratiae
504 1667 539 1726 et
567 1663 821 1741 induigentiate
848 1662 1139 1750 Goniraternitati
1169 1662 1438 1725 communicatae

239 1768 362 1829 debent
378 1766 474 1844 prins
491 1765 534 1828 ab
551 1765 721 1842 Episcopo
738 1763 895 1841 cognosci
912 1781 1012 1841 quam
1031 1764 1300 1842 promulgentur.

282 1869 311 1930 7.
334 1867 647 1930 confraternitates
670 1867 899 1943 eleemosynas
921 1865 1075 1943 excipere
1097 1869 1131 1927 et
1153 1882 1293 1942 erogare
1315 1865 1438 1926 debent

239 1972 339 2049 juxta
355 1972 500 2032 formam
518 1987 578 2046 per
593 1969 814 2030 Ordinarium
832 1967 1137 2045 praescribendam.
1440 2043 1443 2048 .

280 2073 310 2134 8.
332 2072 485 2134 Litterae
510 2071 691 2134 erectionis
717 2074 752 2132 et
777 2070 1032 2148 aggregationis
1056 2070 1167 2147 gratis
1192 2071 1330 2132 omnino
1355 2073 1438 2132 sunt

239 2174 382 2251 dandae,
401 2173 431 2234 si
448 2174 564 2234 demas
581 2189 747 2252 expensas
765 2189 828 2251 pro
846 2188 1059 2250 pergamena,
1078 2172 1262 2251 scriptura,
1281 2176 1356 2249 etc,
1375 2189 1438 2251 pro

239 2277 361 2355 quibus
376 2292 445 2336 non
459 2275 540 2336 licet
554 2275 707 2352 accipere
722 2274 816 2334 ultra
830 2273 872 2334 30
886 2272 1031 2334 libellas.
1525 2351 1529 2360 ,

280 2379 309 2439 9.
332 2379 475 2439 Praeter
487 2377 684 2437 nullitatem
697 2375 867 2436 statuitur
880 2392 918 2436 eo
932 2375 1006 2452 ipso
1020 2377 1141 2435 contra
1153 2374 1256 2436 aliter
1268 2374 1437 2452 erigentes

239 2481 389 2559 privatio
414 2479 515 2539 officii
547 2479 600 2553 (in
625 2477 745 2539 ordine
770 2478 814 2538 ad
839 2477 1042 2538 erectionem
1067 2480 1103 2538 ct
1129 2478 1437 2555 aggregationem).

280 2583 389 2644 Facta
413 2581 626 2643 erectiones
651 2578 773 2657 Capite
797 2578 948 2654 Ordinis,
974 2578 1252 2640 Confraternitas
1277 2579 1438 2640 canonice

238 2684 359 2746 existit
401 2688 441 2746 ut
485 2698 608 2760 corpus
652 2681 790 2757 morale,
832 2680 1041 2741 instructum
1086 2679 1191 2742 etiam
1235 2680 1369 2759 gratiis
1402 2684 1438 2742 et

238 2785 474 2863 indulgentiis.

365 2902 529 2962 Formicis
552 2899 719 2960 servanda
744 2900 866 2958 saltem
889 2897 928 2956 tn
951 2897 1268 2958 substantialiter*
1290 2915 1311 2958 ιι
1336 2898 1438 2975 sape-

324 3004 473 3063 rioribaa
489 3001 717 3078 Repalaribaa
734 2999 961 3078 Religionum,
979 3002 1054 3076 ete,
1070 2999 1108 3059 in
1124 3000 1295 3077 oripondia
1313 3017 1373 3061 aaa
1390 3001 1438 3060 in·

323 3101 508 3170 stituendis
525 3101 879 3164 Confraternitatibus
895 3118 935 3162 ac
951 3100 1242 3162 communicandis
1258 3103 1438 3179 Indulgen-

325 3207 385 3266 tcta
422 3210 456 3265 et
492 3204 616 3282 pretiis
653 3204 894 3280 spiritualibus
931 3220 1015 3281 qaas
1052 3220 1074 3263 a
1112 3203 1197 3262 Sede
1237 3204 1438 3280 apostoliea

324 3308 545 3368 obtinuerant
563 3321 704 3384 aequans
723 3310 792 3367 cot:

282 3426 334 3486 “N
337 3472 344 3486 .
370 3426 411 3485 N.
438 3424 578 3485 Ordinis
605 3425 646 3484 N.
674 3423 890 3485 Generalis.⁵⁵
937 3422 1070 3500 Religio
1097 3427 1217 3484 nostra
1244 3441 1319 3484 cum
1346 3424 1439 3485 inter

169 3565 171 3572 ,
240 3510 310 3572 alia
331 3509 510 3587 privilegia
529 3509 652 3586 quibus
672 3526 693 3569 a
715 3508 802 3590 Sede
821 3507 1020 3586 Apostolica
1041 3508 1202 3570 decorata
1221 3513 1274 3570 est
1294 3510 1438 3570 faculta-

239 3599 307 3656 tem
332 3595 456 3656 habeat
479 3593 706 3656 saecularium
732 3593 1045 3654 Contraternitates
1069 3593 1132 3653 sub
1156 3593 1371 3655 invocatione
1396 3595 1438 3654 N.

239 3679 402 3757 erigendi,
426 3679 540 3755 eisque
564 3678 763 3756 spirituales
789 3677 930 3758 gratias,
955 3676 1115 3754 privilgia
1139 3682 1174 3739 et
1199 3677 1438 3754 indulgentias

240 3763 521 3844 communicandi,
544 3763 581 3823 in
604 3762 800 3839 hujusmodi
825 3761 1179 3823 Confraternitatibus
1202 3761 1438 3838 instituendis,

240 3850 270 3911 si
306 3850 349 3910 ad
384 3847 667 3909 christifidelium
703 3847 849 3909 salutem
885 3846 1145 3923 promovendam
1180 3845 1333 3922 expediri
1369 3847 1438 3908 ani-

240 3933 434 4010 madvertit,
459 3933 634 3993 liberalem
661 3947 697 3992 se
723 3932 883 4008 praebere
907 3930 1092 3990 consuevit.
1138 3932 1208 3991 Nos
1234 3931 1352 4006 igitur,
1379 3931 1438 4008 qui

241 4019 429 4095 generalem
446 4016 555 4079 totius
573 4015 714 4078 Ordinis
730 4015 841 4076 nostri
858 4031 974 4076 curam
993 4015 1151 4091 gerimus,
1169 4018 1346 4092 sperantes
1364 4016 1440 4077 iore

274 4149 292 4176 ¹⁴
302 4147 420 4198 Dicitur
436 4149 469 4197 ιἰι
485 4146 741 4205 substantialitas,
759 4145 905 4203 quatenus
920 4157 980 4194 non
996 4143 1038 4195 sit
1053 4143 1180 4194 vetitum
1198 4145 1370 4194 adderevel
1388 4144 1440 4193 irn-

239 4218 356 4267 mutare
380 4216 480 4275 aliqua
503 4214 536 4265 in
561 4215 672 4271 eadem,
697 4226 771 4281 quae
795 4213 994 4263 substantiam
1018 4225 1078 4262 non
1103 4213 1241 4264 afficiunt.
1285 4213 1439 4272 integrum

240 4285 330 4336 etlam
356 4284 414 4334 erit
438 4283 597 4344 unicuique
623 4281 737 4340 ordini,
760 4280 918 4338 Religioni,
945 4281 1087 4331 instituto
1113 4282 1177 4332 sive
1202 4281 1348 4338 originem
1374 4281 1439 4332 sire

240 4355 378 4404 naturam
402 4352 465 4403 sive
489 4351 704 4410 praestantiam
728 4349 842 4409 proprii
867 4347 987 4400 Ordinis
1012 4349 1144 4400 indicare
1169 4345 1283 4400 stalla
1307 4363 1381 4410 quae
1406 4349 1439 4400 in

239 4421 410 4478 hujusmodi
429 4420 553 4470 Litteris
571 4419 669 4470 solent
686 4418 818 4477 exponi.”

275 4493 293 4518 '³
303 4490 360 4540 ch
374 4487 553 4547 exprimitur
567 4500 694 4546 persona
707 4488 754 4537 vol
769 4487 820 4545 pul
833 4485 1012 4538 auctoritate
1027 4487 1118 4545 pollet
1133 4488 1219 4546 Juxta
1233 4487 1393 4539 iacultates
1408 4490 1440 4539 et

199 4570 201 4575 ·
240 4559 398 4618 privilegia
418 4557 651 4617 uniuscujusque
671 4556 801 4614 Ordinis,
821 4556 875 4606 ete.
