3340 5170
233 462 271 519 36
490 461 539 517 De
559 458 898 531 Ooujruteraitotibua
914 457 1157 515 Itooleaiostieis

276 654 529 718 Posterior-ibus
555 671 634 716 vero
659 654 870 733 temporibus
896 654 1082 719 nonnullae
1108 654 1198 716 allae
1224 653 1302 733 piae
1327 652 1434 716 SocIe

237 763 325 820 tates
344 775 363 818 a
380 759 453 835 lege
470 757 657 820 distantiae
674 758 815 820 luerunt
833 759 1017 834 exemptae,
1035 773 1170 834 nempe:

284 860 336 935 (o)
366 859 593 938 Uongregatio
616 859 657 922 Β.
682 858 814 922 Mariae
838 858 994 937 Virginis
1018 859 1062 921 ab
1086 859 1218 935 Angelo
1242 859 1434 935 salutatae3

235 965 322 1038 qrrod
341 964 469 1023 factum
487 966 539 1024 est
553 979 614 1038 per
632 963 813 1024 Decretum
831 961 1066 1022 authenticum
1083 961 1124 1022 N.
1141 959 1212 1022 413.

277 1096 359 1158 1664
402 1097 442 1158 29
460 1096 621 1174 Augusti.
664 1095 893 1176 congregatio
909 1063 1039 1159 661.
1057 1096 1176 1158 Prima
1193 1094 1376 1162 Primam.

277 1228 461 1291 8661616116
473 1229 569 1291 Iesu.
604 1231 670 1291 Per
683 1230 865 1292 Decretum
879 1229 982 1308 hujus
997 1229 1122 1293 Sacrae
1135 1229 1434 1307 Indulgentiarum

235 1331 518 1410 Congregationis
532 1331 643 1393 latum
657 1331 714 1393 die
726 1331 747 1394 8
761 1331 925 1394 Ianuarii
940 1332 1021 1393 1861
1037 1349 1140 1409 super
1154 1330 1435 1393 institutionibus

234 1438 269 1495 et
289 1433 589 1512 aggregationibus
609 1427 944 1496 Confraternitatum
965 1450 1025 1495 seu
1046 1433 1367 1512 Congregationum,
1386 1431 1435 1493 in·

232 1535 393 1614 jungitur
408 1551 448 1596 ac
463 1535 712 1613 praescribitur
728 1535 947 1598 observantia
963 1533 1232 1597 Constitutionis
1250 1533 1434 1597 Clementis

133 1685 135 1689 .
235 1637 292 1699 iel.
319 1653 384 1699 rec.
410 1638 478 1697 ΡΡ.
502 1637 593 1698 VIII
619 1635 770 1714 incipien
797 1638 1032 1716 Quaecumque
1058 1636 1150 1697 circa
1176 1635 1313 1696 modum
1339 1633 1435 1696 insti-

234 1739 354 1800 tuendi
372 1741 406 1801 et
426 1739 634 1815 aggregandi
653 1738 967 1800 Ooniraternitates
986 1739 1124 1800 omnino
1142 1738 1371 1801 adhibendum
1391 1738 1434 1802 ab

234 1840 421 1902 Ordinibus
450 1840 678 1918 Regularibus
706 1844 742 1903 et
770 1840 1233 1903 Arcbiconlraternitatibur.
1286 1840 1434 1902 Suborta

235 1943 314 2004 binc
344 1943 413 2004 fuit
442 1942 625 2020 dubitatio,
655 1960 736 2004 num
765 1941 936 2004 infirmari
965 1942 1045 2004 inde
1074 1945 1254 2005 censeatur
1283 1942 1434 2003 facultas

234 2043 441 2106 instituendi
464 2047 499 2106 et
522 2044 740 2123 aggregandi,
765 2063 831 2123 qua
856 2043 1084 2123 congregatio
1107 2044 1280 2107 Primaria
1303 2045 1434 2106 B.M.V.

234 2147 297 2209 sub
315 2147 421 2208 titulo
440 2147 729 2208 Annuntiationis
746 2147 785 2207 in
804 2147 896 2208 Urbe
914 2147 1056 2208 fruitur.
1097 2146 1315 2225 Quapropter
1334 2147 1375 2208 R.
1394 2148 1433 2207 P.

234 2247 458 2326 Praepositus
478 2248 656 2310 GeneraIIs
677 2247 710 2310 8.
730 2249 754 2310 J
757 2295 764 2309 .
785 2249 863 2310 huic
885 2247 988 2311 Sacre
1007 2248 1272 2326 Congregationi
1292 2265 1434 2326 sequens

234 2351 491 2429 proponendum
511 2349 646 2412 curavit
665 2350 823 2411 dubium:

277 2453 402 2514 Utrum
422 2452 460 2513 in
480 2453 638 2530 praelato
659 2451 804 2513 Decreto
825 2453 845 2513 8
865 2451 1029 2513 Ianuarii
1049 2451 1131 2513 1861
1153 2452 1434 2530 comprehendan-

233 2559 293 2615 tur
309 2553 548 2616 institutiones
565 2557 599 2634 et
616 2553 874 2631 aggregationes
893 2553 968 2615 fieri
984 2553 1107 2616 solitae
1124 2570 1145 2615 a
1163 2553 1434 2632 congregatione

235 2657 363 2718 B.M.V.
382 2657 424 2718 ab
440 2657 571 2733 Angelo
587 2657 760 2718 salutatas
776 2655 814 2716 in
831 2655 981 2732 Collegio
998 2656 1153 2716 Romano
1168 2658 1292 2732 erecta,
1308 2671 1434 2716 nuncu·

234 2761 318 2836 pata
334 2759 647 2835 Pra'muPrimorio,
662 2757 764 2836 juxta
780 2757 986 2835 peculiarem
1004 2761 1039 2819 et
1056 2758 1230 2835 propriam
1249 2758 1433 2820 formulam

234 2877 310 2937 qua,
337 2860 371 2921 vi
399 2859 653 2923 concessionum
680 2859 832 2937 plurium
860 2858 1075 2920 Summarum
1103 2859 1310 2921 Pontificum
1337 2859 1434 2922 illius

236 2961 419 3024 8661616116
438 2962 671 3023 Moderatores
688 2961 743 3022 usi
761 2965 894 3023 suntet
913 2962 1023 3023 adbuc
1042 2963 1213 3023 utuntur?

277 3063 384 3126 Sacra
417 3063 644 3140 Congregatio
675 3063 714 3124 in
748 3063 963 3140 generalibus
996 3063 1145 3125 comitiis
1178 3063 1307 3126 habitis
1341 3062 1433 3141 apud

233 3165 440 3228 Vaticanum
461 3165 576 3227 (11629
595 3165 744 3241 Augusti
764 3164 856 3242 1864,
876 3164 1006 3226 6661116
1027 3164 1270 3226 Consultorum
1289 3165 1379 3226 votis
1398 3169 1433 3226 61
1464 3206 1466 3209 -

234 3285 271 3329 re
286 3271 420 3329 mature
435 3284 612 3345 perpensa,
628 3267 900 3345 respondendum
915 3265 1032 3328 duxit:

176 3375 178 3380 ⁵
275 3401 353 3461 Nou
369 3399 616 3478 comprehendi.

282 3517 334 3592 (b)
364 3515 591 3593 Oongregatio
607 3518 723 3578 Bonae
739 3516 873 3578 Motris.
912 3517 1237 3595 congregatiohaec
1251 3518 1289 3579 in
1305 3519 1433 3597 templo

235 3621 355 3681 domus
378 3619 612 3681 Professorum
637 3618 820 3680 societatis
842 3619 936 3695 Jesu,
959 3619 1059 3696 vulgo
1083 3622 1137 3682 del
1162 3621 1261 3696 6666,
1284 3621 1320 3681 in
1343 3621 1433 3682 Urbe

233 3719 393 3796 existens,
428 3736 449 3781 a
483 3721 569 3780 Rmo
603 3722 641 3781 P.
677 3720 815 3783 Oaraffa
849 3721 1051 3799 Praeposito
1085 3723 1245 3784 Generali
1280 3723 1432 3801 ejusdem

235 3821 417 3883 Societatis
433 3821 599 3883 instituta
614 3822 684 3884 fuit
699 3839 790 3884 anno
806 3823 898 3884 1648.
936 3824 1031 3886 Iunc
1047 3824 1211 3902 temporis
1227 3823 1432 3902 vespertinis

233 3923 327 3984 boris
357 3922 426 3986 diei
456 3924 600 3985 Veneris
631 3923 815 4002 cujuslibet
845 3925 1074 3987 hebdomadae
1105 3943 1249 4002 magnus
1280 3926 1431 3988 fidelium

233 4043 394 4086 numerus
418 4028 639 4087 consueverat
664 4025 701 4086 in
727 4026 854 4104 dictam
880 4026 1054 4088 ecclesiam
1083 4027 1271 4105 convenire,
1296 4028 1355 4090 ubi
1380 4045 1432 4089 ex-

234 4127 346 4204 posito
370 4125 475 4188 ssmo
500 4126 731 4204 Sacramento,
755 4146 776 4190 a
799 4128 931 4190 duobus
954 4129 1113 4206 patribus
1139 4127 1323 4192 8661616116
1346 4129 1432 4191 Jesu

232 4229 281 4306 pii
309 4246 479 4291 sermones
506 4229 743 4291 recitabantur
769 4230 811 4290 de
837 4229 954 4307 poenis
981 4232 1016 4291 et
1043 4229 1227 4306 doloribus,
1255 4231 1345 4308 quod
1371 4231 1431 4292 Re

234 4333 390 4408 demptor
409 4334 528 4394 noster
548 4330 693 4408 pertulit
716 4331 752 4391 in
776 4349 838 4393 sua
859 4331 1027 4408 passione,
1051 4337 1085 4395 et
1108 4333 1181 4408 eius
1207 4332 1432 4406 sanctissima

233 4433 355 4508 Mater,
375 4434 455 4494 dum
475 4437 585 4495 staret
603 4433 666 4494 sub
686 4433 794 4495 Oruce
813 4433 952 4494 Domini
971 4433 1055 4495 Filii
1075 4434 1139 4495 sui.
1180 4433 1253 4496 Piis
1274 4435 1433 4512 precibus

232 4551 254 4595 a
277 4533 433 4597 fidelibus
456 4535 494 4596 in
517 4535 686 4597 communi
711 4537 755 4596 ad
780 4535 889 4596 Deum
913 4535 1031 4597 effusis
1056 4536 1276 4598 devotissima
1300 4537 1431 4599 claude·

1656 1973 1657 1988 ι

1656 2015 1657 2032 l

1656 2039 1657 2062 l

1654 2109 1657 2132 1
