3336 5166
686 693 836 758 CAPUT
856 693 909 756 IX

361 856 403 902 Db
421 855 567 903 sumus
585 855 819 901 Psaocuonum
840 855 880 901 IN
901 855 1240 902 CONFRATERNITATDS

242 975 291 1038 Ut
307 974 448 1040 facilius
466 990 507 1036 ac
525 974 655 1038 clarius
673 973 897 1038 determinari
916 975 1051 1054 possint
1069 975 1151 1056 jura
1168 975 1400 1038 Parochorum

198 1076 238 1138 in
263 1077 590 1155 confraternitatoe,
615 1093 752 1140 necesse
777 1081 831 1140 est
858 1078 896 1139 in
921 1077 1044 1156 primis
1070 1077 1283 1156 distinguere
1307 1078 1402 1140 lunc-

198 1179 312 1242 tiones
329 1178 468 1258 proprie
484 1177 698 1256 parochiales
715 1195 737 1242 a
753 1179 991 1242 functionibus
1007 1197 1099 1243 mere
1118 1179 1400 1256 sacerdotalibus,

199 1297 287 1360 quae
300 1298 362 1360 per
375 1297 412 1343 se
425 1297 495 1343 non
508 1280 736 1344 includuntur
750 1285 842 1344 oerte
856 1281 949 1344 inter
963 1281 1044 1362 jura
1057 1282 1280 1362 parochialia.

239 1384 287 1445 'In
306 1382 568 1446 determinanda
587 1383 811 1446 distinctione
829 1383 1046 1446 functionum
1068 1385 1206 1462 proprie
1226 1369 1419 1463 parochia?

198 1485 284 1546 lium
306 1503 328 1547 a
348 1484 585 1548 functionibus
604 1502 697 1548 mere
716 1485 988 1548 sacerdotalibus
1007 1503 1152 1565 maguae
1172 1486 1311 1550 habitae
1330 1485 1400 1550 fue

199 1590 283 1649 runt
304 1587 573 1666 controversiae3
594 1590 630 1650 et
650 1604 719 1649 non
739 1587 849 1650 solum
870 1587 985 1651 varias
1005 1588 1044 1650 in
1063 1587 1254 1652 sententias
1275 1589 1341 1668 hac
1359 1588 1402 1651 de

199 1690 404 1752 redoctores
416 1689 587 1768 abierunt,
599 1689 659 1752 sed
670 1694 707 1753 et
718 1690 815 1769 ipsae
826 1688 1138 1768 congregationum
1149 1689 1400 1753 declarationes

199 1791 386 1870 aliquando
411 1791 450 1852 in
476 1791 612 1854 casibus
638 1789 909 1871 particularibus
936 1791 1170 1872 discrepantes
1197 1793 1303 1855 fuere.
1351 1792 1401 1854 Ut

199 1893 309 1972 igitur
330 1893 499 1972 eiusmodi
524 1893 831 1957 contrarietatibus
855 1893 935 1956 fluis
966 1894 1095 1973 (quoad
1119 1894 1230 1957 multa
1255 1893 1395 1971 saltem)

198 1995 442 2075 imponeretur,
464 1995 596 2059 editum
618 1995 690 2059 fult
711 2011 734 2059 a
757 1995 865 2059 Sacra
886 1993 1030 2058 Rituum
1054 1994 1326 2074 congregatione
1348 1996 1401 2061 de

199 2101 341 2176 cretum,
355 2098 481 2161 “Urbis
495 2101 530 2160 et
545 2097 667 2161 Orbis’
680 2097 897 2180 inscriptum,
913 2097 969 2161 die
983 2098 1024 2159 10
1038 2097 1235 2161 Decembris
1251 2098 1344 2160 1⁷03.

241 2201 294 2263 De
314 2200 378 2263 hac
400 2199 600 2278 opinionum
621 2199 793 2264 varietate
814 2199 1012 2263 Oardinalis
1036 2198 1245 2278 Oolloredus,
1269 2201 1325 2262 cui
1348 2201 1401 2263 de

30 2379 31 2412 ,
91 2383 92 2388 ἵ
199 2303 364 2366 mandata
381 2303 499 2365 iuerat
513 2301 599 2365 dicti
616 2301 744 2365 decreti
762 2288 994 2381 praeparandi
1012 2318 1106 2380 cura,
1124 2302 1174 2364 sic
1191 2302 1401 2365 adnotabat:

201 2405 318 2468 “Adeo
339 2405 536 2482 frequentes
557 2408 640 2467 sunt
661 2403 914 2467 controversiae
936 2405 1103 2483 parochos
1124 2403 1219 2467 inter
1241 2421 1281 2466 ac
1305 2404 1401 2466 soda-

199 2505 290 2585 litia,
309 2506 518 2585 scriptorum
534 2523 616 2570 vero
634 2506 822 2584 opiniones,
842 2510 878 2569 et
899 2505 1082 2569 Sacrorum
1104 2507 1237 2584 pariter
1257 2507 1400 2584 Gongre

199 2608 378 2686 gatianum
400 2608 593 2672 sententiae
615 2607 700 2672 adeo
721 2608 840 2672 variae
860 2625 901 2671 ac
924 2608 1159 2688 discrepantes
1181 2609 1274 2672 inter
1296 2625 1333 2671 se
1355 2609 1401 2670 vi-

199 2711 327 2774 dentur
356 2714 397 2773 ut
426 2709 645 2774 Eminentiae
676 2711 823 2774 Vestrae
853 2710 1083 2774 necessarium
1116 2710 1205 2775 alias
1236 2711 1401 2774 duxerint

199 2813 347 2892 aliquem
365 2814 502 2877 modum
520 2815 675 2877 statuere
691 2827 732 2876 ac
749 2812 917 2893 iudicium
935 2813 1027 2876 terre
1044 2812 1087 2876 de
1103 2813 1307 2892 quibusdam
1326 2829 1400 2876 con-

199 2915 388 2994 troversiis,
416 2932 503 2994 quae
531 2914 720 2994 generatim
748 2917 1003 2998 proponantur;
1032 2915 1086 2978 ita
1113 2918 1154 2977 ut
1182 2913 1335 2993 reliquae
1361 2914 1401 2976 in

199 3021 375 3096 posterum
389 3016 609 3080 difficultates
625 3016 729 3080 facile
744 3017 911 3097 componi,
927 3020 990 3081 aut
1004 3015 1145 3079 leoffius
1160 3015 1312 3096 iudicari
1326 3033 1401 3097 pos

199 3124 288 3183 sent.
327 3120 372 3183 Id
390 3137 481 3182 nunc
500 3137 540 3184 eo
559 3117 733 3182 difficilius
751 3118 929 3188 obtinetur
947 3136 1024 3198 ,quo
1043 3118 1183 3181 facilius
1203 3118 1402 3182 excitantur

200 3221 363 3300 dissidia;
408 3269 416 3284 .
461 3268 468 3284 .
512 3267 520 3282 .
564 3221 646 3301 quia
681 3225 848 3301 utraeque
889 3219 1039 3300 (partes)
1080 3219 1184 3284 facile
1219 3221 1401 3284 inveniunt

201 3319 359 3386 auctores
372 3340 412 3387 ac
427 3323 573 3401 decreta,
589 3341 676 3403 quae
691 3339 829 3386 causam
845 3321 1031 3402 plurimum
1044 3321 1299 3401 suffragantur:
1314 3340 1401 3402 quae

200 3441 283 3488 sane
299 3426 436 3490 decreta
452 3425 559 3489 variis
574 3425 797 3505 temporibus,
814 3429 918 3506 atque
931 3410 957 3489 'a
973 3425 1118 3489 diversis
1135 3425 1308 3505 judicibus
1326 3442 1400 3488 con·

199 3527 301 3605 tecta,
320 3527 390 3589 vim
408 3527 572 3606 maiorem
590 3528 644 3590 vel
661 3527 866 3594 minorema
885 3527 1011 3607 maiori
1030 3528 1083 3590 vel
1102 3525 1227 3590 minori
1246 3527 1400 3606 partium

199 3629 441 3693 dissidentium
455 3628 582 3709 peritia
596 3633 700 3708 atque
713 3628 890 3694 industria
903 3629 971 3692 slbl
986 3627 1342 3707 comparaverunt.”²⁸⁸

241 3732 297 3795 Ad
328 3732 480 3796 debitum
511 3747 592 3810 ergo
622 3731 864 3811 imponendum
896 3731 997 3794 finem
1029 3730 1281 3808 controversiis,
1313 3745 1401 3808 quae

199 3833 293 3898 inter
315 3835 482 3914 parochos
506 3837 541 3898 et
565 3833 879 3908 Ooulrateruitates
903 3849 1087 3913 earumque
1112 3830 1340 3912 Gappellanos
1364 3835 1400 3895 et

201 3935 370 4000 Officiales
388 3954 492 4016 super
510 3936 646 4015 iuribus
666 3936 892 4014 parochorum
912 3939 948 3999 et
968 3932 1400 4013 iuncfionibusparochia·

200 4036 301 4117 libus,
321 4038 563 4117 nonnullisque
581 4036 861 4118 praeeminentiis
880 4055 940 4101 seu
959 4037 1211 4116 praerogativis
1229 4053 1316 4116 quae
1335 4036 1400 4098 lre

201 4143 346 4218 quenter
369 4140 499 4204 exoriri
524 4142 646 4217 solent,
671 4140 708 4203 S.
736 4139 879 4202 Ilituum
905 4139 1160 4218 congregation
1187 4138 1284 4201 dedit
1310 4137 1399 4201 illud

199 4242 391 4320 percelebre
410 4243 584 4306 decretum
605 4242 729 4306 “Urbis
749 4246 785 4306 et
804 4242 938 4320 Orbis‚”
958 4259 1026 4320 quo
1046 4241 1298 4306 controversiae
1317 4239 1400 4304 illae

199 4344 349 4407 maxima
364 4343 403 4406 ln
418 4350 520 4424 parte
534 4344 668 4408 decisae
685 4345 884 4423 solutasque
901 4345 1054 4408 ruerunt.

233 4509 357 4571 ¹⁸'Apud
372 4505 566 4560 Beneffletum
580 4502 659 4562 XIV,
675 4500 871 4556 Institutione
886 4499 946 4559 1⁰5,
963 4511 991 4551 u.
1008 4499 1051 4552 92.
