3336 5166
190 406 246 464 126
458 407 509 464 111
524 405 864 480 Ooafroieraitotibos
877 406 1119 464 &eclesiasticis

173 599 446 680 testationibus,
466 602 758 682 appellationibus
777 607 813 666 et
833 603 913 666 aliis
934 604 1160 682 subterfugiis
1180 621 1322 684 prorsus
1342 621 1390 667 re·

190 703 303 782 motis,
329 707 365 766 et
390 704 614 783 cessantibus,
640 709 676 767 et
702 705 920 784 postpositis)
952 706 990 767 in
1016 706 1290 785 processionibus
1315 710 1389 770 tam

191 805 348 885 publicis,
367 823 469 885 quam
488 806 634 885 privatis
653 808 854 885 praecedere
873 808 1006 870 debent.

233 908 377 983 Quando
396 926 475 970 vero
494 926 564 970 non
582 909 746 987 probetur
763 913 826 972 aut
844 927 913 971 non
931 913 1067 972 constet
1084 910 1127 972 de
1145 909 1244 988 quasi
1263 925 1391 985 posses·

191 1008 287 1073 sione
301 1009 497 1089 hujusmodi
513 1011 773 1088 praecedentiae
816 1058 823 1074 .
867 1059 876 1074 .
921 1059 929 1076 .
972 1012 1008 1091 ii,
1024 1012 1083 1092 qui
1098 1013 1195 1090 prius
1210 1012 1319 1074 saccis
1333 1011 1390 1073 usi

190 1115 282 1189 sunt,
299 1111 337 1173 in
353 1112 626 1190 processionibus
640 1117 714 1176 tam
731 1113 888 1193 publicis,
906 1131 1008 1194 quam
1024 1114 1171 1194 privatis
1189 1115 1390 1194 praecedere

189 1213 366 1276 debent.²⁰⁶
1082 1211 1084 1216 ’

231 1317 405 1378 Romanae
425 1317 678 1396 Ephemerides,
697 1335 842 1397 quarum
863 1318 989 1381 titulus
1010 1317 1120 1382 “Acta
1141 1318 1176 1381 8.
1198 1316 1327 1397 Sedis,”
1347 1335 1390 1381 ex

190 1419 337 1497 quadam
362 1419 532 1482 decisione
556 1417 590 1482 S.
615 1418 899 1498 congregationis
922 1419 1069 1482 concilii
1091 1420 1133 1483 de
1156 1420 1212 1484 die
1235 1419 1391 1483 1411111

191 1521 282 1598 1886,
301 1520 478 1599 sequentia
495 1521 679 1600 deducunt,
698 1538 785 1602 quae
802 1521 905 1585 dictis
924 1525 1008 1585 sunt
1025 1522 1163 1585 omnino
1182 1522 1389 1585 conformis:

232 1623 386 1686 1.1ntra
416 1617 731 1700 confraternitates
760 1622 815 1686 illi
845 1628 1036 1704 competere
1064 1624 1122 1703 lus
1152 1623 1388 1704 praecedendi,

189 1742 277 1804 quae
296 1725 393 1805 prior
411 1724 448 1786 in
468 1729 621 1804 tempore
640 1725 802 1789 canonice
821 1731 935 1789 erecta
953 1726 1034 1805 fuit,
1054 1726 1108 1789 vel
1127 1727 1271 1805 quaein
1290 1725 1389 1806 quasi
1479 1805 1481 1810 Ι

190 1827 403 1923 possessione
416 1845 456 1890 ac
469 1829 546 1908 jure
559 1827 784 1906 praecedendi
797 1828 868 1908 jam
882 1827 1064 1908 reperitur.

231 1929 261 1992 2.
284 1930 462 2004 Quatenus
495 1927 575 1992 ver'o
607 1930 832 1993 anterioritas
865 1930 1050 1993 canonicae
1084 1929 1288 1993 existentiae
1322 1930 1390 1992 rite

189 2031 300 2094 evinci
326 2035 481 2111 nequeat,
506 2049 548 2094 ex
571 2032 648 2110 iure
673 2034 845 2096 statutum
870 2035 923 2095 est
947 2049 1005 2094 eos
1030 2033 1165 2095 sodales
1190 2033 1390 2111 praecedere

190 2134 320 2213 debere,
340 2134 400 2214 qni
419 2133 528 2197 saccis
546 2133 679 2197 fuerint
698 2134 753 2196 usi
773 2133 957 2221 priorea²⁰²

231 2236 417 2316 Excipitur
437 2237 480 2300 ab
501 2237 565 2299 hac
585 2235 736 2314 generali
756 2237 831 2314 lege
851 2235 1130 2299 confraternitas
1151 2233 1250 2298 ssmi
1273 2232 1390 2300 Sacra·

191 2338 309 2418 menti,
328 2338 385 2402 cui
405 2338 549 2402 debetur
567 2337 807 2418 praecedentia
825 2355 932 2417 supra
951 2355 1067 2401 omnes
1086 2337 1176 2420 alias
1195 2337 1390 2400 Confrater·
1522 2399 1528 2409 ,

190 2441 320 2504 nitates
339 2439 377 2502 in
396 2440 680 2519 processionibus,
699 2439 836 2519 quando
855 2439 1010 2503 defertur
1030 2439 1174 2504 samum
1196 2439 1390 2524 Sacramen-

190 2539 318 2604 tum.²⁰⁸
360 2543 404 2603 In
424 2541 505 2605 aliis
524 2559 604 2605 vero
624 2541 898 2621 processionibus
919 2542 1019 2605 debet
1039 2541 1221 2622 procedere
1240 2545 1276 2605 et
1297 2531 1397 2622 prae*

190 2645 307 2709 cedere
324 2644 425 2723 Juxta
442 2644 596 2707 ordinem
614 2643 890 2724 antiquitatem

232 2747 376 2812 Pariten
395 2747 587 2827 excipiendi
608 2750 690 2811 sunt
710 2745 819 2809 Tertii
840 2745 986 2808 Ordines
1009 2745 1208 2809 Saeculares
1230 2744 1265 2809 8.
1285 2745 1390 2809 Fran·

192 2849 275 2913 circi
289 2853 325 2913 et
342 2849 375 2912 8.
390 2849 572 2912 Dominici.
587 2848 751 2912 'l'ertiarii
765 2847 856 2911 enim
872 2845 1096 2910 franciscani
1110 2852 1146 2911 et
1161 2845 1389 2920 Dominicani,

190 2951 306 3040 induti
323 2951 444 3015 habitu
462 2951 602 3031 proprio
618 2955 654 3014 et
671 2968 771 3013 cruce
787 2953 912 3028 erecta,
929 2949 1057 3014 habent
1074 2967 1206 3028 semper
1222 2949 1280 3030 jus
1297 2965 1390 3029 prae·

190 3053 366 3116 cedentiae
387 3069 492 3133 super
513 3052 611 3131 alias,
634 3057 669 3116 ct
692 3054 754 3116 hoc
777 3054 882 3116 etiam
905 3053 1054 3116 durante
1076 3051 1291 3130 processione
1312 3068 1390 3114 cum

191 3153 416 3219 sanctissimo
432 3155 527 3218 infra
543 3153 708 3220 Octavam
723 3154 886 3234 Corporis
902 3153 1064 3236 Corporis
1081 3153 1223 3216 christi.

233 3254 379 3320 constat
400 3257 463 3320 hoc
484 3275 526 3320 er
547 3257 779 3321 declaratione
802 3256 836 3320 S.
861 3253 1144 3335 congregationis
1167 3255 1311 3318 Rituum
1334 3254 1390 3318 dle

190 3359 232 3424 28
259 3359 345 3438 Maji
372 3359 465 3436 1886,
493 3375 580 3438 quae
605 3360 690 3423 data
716 3359 787 3422 fuit
812 3363 988 3439 tamquam
1015 3357 1192 3436 responsio
1219 3357 1390 3436 Episcopo

190 3463 232 3526 de
257 3462 362 3542 Urgal
386 3462 425 3524 in
450 3461 632 3542 Hispania.
680 3461 878 3525 Declaratio
903 3462 986 3524 haec
1011 3455 1115 3540 butus
1141 3462 1218 3523 erat
1241 3457 1390 3522 tenoris:
1420 3471 1425 3500 ¹

190 3565 267 3628 “Ad
280 3563 456 3628 tramitem
471 3564 748 3642 Apostolicorum
763 3562 1070 3641 constitutionum,
1085 3578 1217 3624 necnon
1233 3559 1390 3624 Declara-

190 3667 297 3730 tionis
316 3666 442 3730 Sacrae
459 3665 743 3746 Congregationis
759 3666 1007 3746 Episcoporum
1025 3670 1061 3729 et
1079 3665 1301 3744 Regularium
1320 3663 1390 3726 diei

190 3770 232 3832 20
255 3769 464 3849 Septembris
487 3769 580 3849 1148,
604 3769 787 3832 1111111111
810 3768 1087 3833 lbanciscalibus
1110 3773 1244 3832 coetum
1267 3767 1390 3832 consti·

191 3873 380 3952 tuentibus,
404 3889 523 3952 nempe
545 3873 686 3952 proprio
709 3873 830 3935 habitu
852 3873 996 3950 indutis,
1019 3890 1060 3935 ac
1084 3889 1183 3935 cruce
1205 3871 1390 3935 incedenti·

190 3976 264 4054 bus,
310 3976 367 4055 ius
414 3977 505 4041 inest
552 3977 810 4057 praecedentiae
857 3995 960 4057 super
1005 3994 1235 4057 quascumque
1280 3976 1390 4041 laicas

190 4080 425 4144 sodalitates.”

200 4229 396 4242 ψ

224 4295 440 4348 ”Benedictus
457 4294 535 4352 xlv,
554 4293 654 4344 instit.
673 4293 733 4352 105,
751 4305 780 4344 n.
800 4292 842 4344 84.

225 4366 337 4416 *Aeta
354 4364 382 4415 S.
401 4363 494 4421 sedis,
510 4361 568 4413 vol.
583 4361 663 4422 XIX,
680 4372 746 4421 pag.
763 4359 823 4413 sat.

224 4432 335 4484 ²‘'Nov.
352 4432 421 4485 cod.
438 4431 508 4483 con.
525 4431 585 4488 181,
602 4431 656 4482 No.
674 4430 698 4483 2.
735 4431 774 4482 at
789 4431 860 4482 can.
878 4429 938 4489 108,
955 4429 1025 4481 Nos.
1043 4430 1067 4489 5,
1085 4430 1110 4482 8.

224 4501 434 4559 ”·(111·111111111,
450 4512 500 4551 nn.
518 4499 595 4559 1184,
612 4499 690 4559 lits,
708 4499 776 4551 4811
793 4499 827 4550 ln
843 4502 923 4552 nota.
