3336 5166
492 455 542 514 Dc
561 453 901 528 Contrateraitotibus
916 451 1160 510 Ecclesiastiois
1377 469 1436 530 101

238 651 303 715 sibi
330 669 525 732 aggregare,
551 653 610 715 sed
637 669 741 715 unam
766 632 914 715 tantum.
962 654 1066 715 Patet
1092 653 1155 714 hoc
1182 650 1438 714 Constitutione

239 754 422 816 Clementis
441 755 545 832 VIII,
565 754 854 832 “Quaecumque’'
874 755 1092 833 paragrapho
1111 751 1170 816 3⁰:

279 890 498 952 “Ceterarum
522 907 600 951 vero
625 890 1050 952 archiconfrateruitatum
1074 892 1110 950 et
1134 889 1437 966 congregationum

236 973 274 1035 in
296 974 443 1051 singulis
466 973 676 1052 civitatibus,
699 973 835 1052 oppidis
858 975 911 1035 vel
933 974 1028 1050 locis,
1051 991 1156 1035 auom
1178 973 1283 1035 etiam
1306 973 1436 1035 confra-

236 1059 435 1119 ternitatem
459 1062 494 1119 et
520 1059 816 1136 congregationem
841 1059 1034 1136 deminuat,
1058 1075 1145 1136 quae
1169 1058 1359 1135 apostolica
1383 1057 1437 1118 vel

236 1142 413 1204 ordinarIa
435 1142 645 1204 auctoritate
667 1142 764 1220 prius
786 1145 910 1219 erecta,
934 1160 974 1205 ac
996 1142 1085 1204 nulli
1108 1142 1210 1204 alteri
1233 1135 1366 1219 Ordini,
1389 1158 1436 1203 re·

236 1226 367 1303 ligioni,
392 1226 567 1303 instituto,
594 1225 973 1288 archiconfrateruitati
997 1231 1032 1288 et
1053 1227 1324 1304 congregationi,
1349 1227 1436 1304 ejus·

87 1335 89 1340 ¹
128 1357 131 1360 .
237 1311 311 1372 dem
330 1310 384 1371 vel
403 1310 569 1372 alterious
589 1311 752 1386 nationis,
772 1311 920 1372 nominis
940 1315 975 1372 et
994 1310 1152 1372 iustituti
1172 1315 1358 1389 aggregata
1378 1311 1435 1384 sit,

237 1440 244 1455 .
288 1441 296 1455 .
340 1439 348 1454 .
385 1394 452 1455 sibi
469 1394 657 1472 adjungere
672 1397 707 1456 et
725 1411 909 1472 aggregare
927 1395 1092 1472 possint.'’

278 1507 308 1570 8.
331 1509 601 1586 Aggregationes
632 1510 811 1572 faciendae
842 1515 925 1573 sunt
956 1528 1025 1572 non
1055 1513 1101 1574 ad
1130 1515 1277 1592 tempus,
1308 1513 1366 1574 sed
1397 1512 1437 1572 in

236 1615 448 1688 perpetuum.
486 1613 590 1674 Patet
608 1613 670 1674 hoc
689 1613 781 1674 clare
797 1630 839 1674 ex
857 1613 1003 1675 Decreto
1022 1614 1221 1676 authentico
1240 1616 1281 1675 N.
1301 1615 1373 1691 171,
1392 1614 1437 1677 ad

237 1715 387 1792 il-um,
429 1714 489 1775 ubi
531 1714 814 1792 interrogationi:
858 1717 913 1776 An
956 1716 1216 1793 aggregatIones
1259 1716 1437 1778 faciendae

142 1815 143 1818 ’
236 1816 352 1878 rotent
377 1817 422 1878 ad
447 1820 593 1894 tempus,
619 1818 672 1878 vel
697 1818 735 1878 in
761 1821 973 1896 perpetuum,
1002 1817 1109 1880 Sacra
1135 1817 1363 1896 Gangregatio
1390 1834 1437 1878 re·

235 1917 376 1996 spondi:
413 1919 683 1998 Appregatioaes
699 1920 876 1998 faciendas
893 1936 965 1981 asse
981 1921 1019 1981 io
1035 1923 1247 2002 perpetuum.

276 2020 307 2082 9.
330 2020 619 2099 Gonfraternitas,
649 2037 736 2099 quae
765 2021 870 2083 alicui
901 2020 1291 2084 Arcbiconlraternitati
1322 2039 1435 2100 aggre

235 2124 348 2200 gatur,
367 2139 436 2183 non
452 2126 565 2200 potest
582 2122 693 2200 ipsius
711 2126 847 2185 statuta
865 2123 1024 2201 recipere,
1041 2123 1110 2184 nisi
1127 2124 1341 2201 approbante
1357 2116 1436 2200 Epi·

235 2240 346 2302 scopo,
361 2224 420 2302 qui
434 2225 551 2286 eadem
566 2225 604 2285 iu
618 2225 790 2303 aliquibus
804 2230 939 2287 mutare
953 2229 987 2300 et
1003 2226 1173 2303 corrigere
1187 2230 1311 2304 potest.
1327 2226 1436 2288 Facta

235 2329 288 2388 est
311 2327 393 2388 baec
416 2327 568 2389 facultas
591 2327 787 2389 ordinariis
811 2345 832 2390 a
856 2327 1112 2390 Constitutione
1136 2328 1321 2392 Clementis
1343 2328 1436 2391 VIII

236 2429 524 2507 “Quaecumque”
565 2429 704 2500 Necnon
724 2447 794 2491 una
814 2429 941 2490 decisio
962 2429 995 2492 S.
1017 2429 1299 2508 Gongregatiouis
1321 2430 1436 2491 Indul-

235 2531 439 2608 gentiarum,
455 2531 590 2609 plenam
606 2530 746 2609 reliquit
758 2531 961 2592 facultatem
977 2530 1158 2610 Episcopis
1174 2531 1435 2608 determinandi,

236 2636 316 2694 ante
334 2633 388 2694 vel
406 2632 510 2694 etiam
530 2636 608 2710 post
626 2632 912 2712 aggregationem,
932 2650 1035 2712 opera
1053 2638 1089 2695 et
1107 2622 1223 2711 preces
1242 2634 1395 2695 diversas
1414 2651 1435 2695 a

233 2734 392 2812 precibus
414 2751 454 2796 ac
476 2734 636 2812 operibus
659 2734 1103 2814 Archiconfraternitatum,
1127 2735 1205 2797 sine·
1222 2733 1434 2813 praejudicio

233 2835 538 2914 indulgentIarum.
574 2835 775 2909 Quaesitum
790 2837 880 2898 enim
894 2836 982 2898 fuit:

278 2938 423 3000 “Utrum
449 2941 585 3000 statuta
610 2939 808 3000 sodalitatis
835 2939 984 3016 alicuius
1011 2956 1171 3002 romanae
1197 2937 1435 3002 Arabiconfra·

234 3039 396 3102 ternItati
421 3040 492 3118 jam
519 3044 733 3118 aggregatae,
760 3040 895 3118 possint
921 3042 963 3102 de
989 3057 1156 3103 consensu
1183 3042 1361 3105 Ordinarii
1388 3061 1435 3105 re

235 3141 380 3203 formari
402 3141 440 3202 in
462 3141 507 3202 iis
530 3159 617 3220 quae
639 3143 685 3204 ad
707 3157 823 3220 preces
845 3145 880 3203 et
902 3159 1007 3224 opera
1029 3143 1244 3221 praescripta
1266 3143 1435 3222 spectant,

235 3243 318 3322 quin
346 3259 469 3304 novum
497 3242 751 3320 aggregationis
779 3243 951 3305 decretum
980 3262 1001 3306 a
1027 3260 1170 3307 romana
1197 3245 1435 3308 Archiconfra·

233 3345 401 3407 ternitate
419 3345 680 3423 expostuletur?
718 3345 765 3406 Et
783 3361 982 3423 responsum
1001 3344 1088 3406 fuit:
1118 3345 1382 3423 ripirurotiimff'⁰

277 3446 326 3508 10.
350 3446 569 3526 Aggregatio,
594 3446 685 3508 sicut
707 3449 743 3508 et
766 3447 902 3524 erectio,
926 3447 1038 3524 gratIs
1062 3447 1201 3508 omnino
1225 3447 1300 3510 fieri
1325 3449 1434 3525 debet,

157 3569 160 3574 ·
234 3548 315 3628 quia
337 3548 491 3612 contiuet
512 3547 778 3627 publicationem
801 3551 836 3610 et
858 3548 1107 3611 concessionem
1130 3549 1434 3627 indulgentiarum,

234 3668 321 3729 quae
341 3650 494 3730 gratuite
513 3651 646 3713 dandae
666 3654 748 3711 sunt
766 3649 867 3728 juxta
887 3649 1078 3712 Concilium
1099 3650 1348 3713 Tridentinum.
1392 3653 1433 3712 In

235 3751 392 3816 Sessione
409 3752 500 3814 enim
519 3751 618 3829 XXI,
638 3751 760 3830 Capite
778 3753 840 3828 IX,
859 3750 1023 3831 Episcopi
1041 3752 1185 3814 fuerunt
1204 3753 1352 3831 delegati
1371 3770 1434 3831 pro

235 3854 467 3932 publicatione
489 3853 806 3931 Indulgentiarnm3
829 3854 888 3914 sed
911 3853 941 3914 si
963 3853 1162 3915 conceditur
1183 3854 1233 3915 als
1255 3853 1434 3932 permissio

234 3955 425 4035 repriendi
450 3959 631 4035 propterea
658 3955 888 4032 eleemosynas
915 3958 1134 4032 spontaneas,
1162 3954 1358 4033 prohibitur
1384 3955 1434 4017 eIs

234 4058 380 4137 positive
397 4075 440 4120 ne
458 4056 590 4136 aliquid
606 4056 746 4134 exigant
765 4057 826 4118 aab
847 4056 951 4118 titulo
968 4056 1218 4118 retributionis.
1258 4055 1312 4116 En
1331 4057 1434 4119 verba

235 4159 398 4222 Concilii:
480 4163 482 4166 ’
1034 4165 1036 4169 ’
1164 4173 1165 4178 ’

275 4280 535 4360 “Indulgentiae
552 4299 631 4345 vero
648 4286 710 4345 aut
725 4283 814 4345 alias
831 4281 1031 4360 spicituales
1049 4281 1182 4360 gratias
1226 4329 1233 4343 .
1278 4331 1285 4345 .
1330 4331 1338 4345 .
1381 4285 1433 4345 de

232 4367 350 4444 inceps
371 4383 433 4446 per
454 4366 658 4429 Ordinarios
678 4370 840 4443 locorum,
864 4367 1030 4429 adhibitis
1052 4368 1184 4429 duobus
1206 4369 1248 4429 de
1270 4369 1433 4445 capitulo,

233 4450 358 4514 debitIs
378 4451 589 4529 temporibus
610 4452 735 4528 populo
756 4450 982 4527 publicandas
1003 4468 1076 4514 esse
1096 4451 1259 4514 decerint.
1303 4453 1433 4528 Quibus

267 4584 369 4636 Μαι.
386 4583 415 4636 Β.
431 4581 525 4641 Sedis,
540 4583 611 4633 tom.
627 4580 666 4639 11,
681 4591 747 4641 pag.
762 4575 822 4632 534.
