3340 5170
468 449 518 508 De
538 447 877 523 Oonsraterns'tatibns
893 446 1136 506 daaksiastiais
1375 441 1412 503 ⁶3

210 647 392 726 Sodalitia,
415 665 502 726 quae
525 646 570 709 ad
594 647 675 708 illas
699 647 737 708 in
761 645 924 725 organica
947 645 1003 707 sui
1027 644 1275 707 constitutione
1299 643 1409 723 magis

211 751 389 828 accedunt,
416 749 551 812 soleant
575 748 681 811 etiam
708 748 810 827 juxta
836 747 996 827 proprias
1023 747 1123 824 leges,
1151 762 1214 825 pro
1242 744 1412 807 sodalium

203 852 429 932 inscriptione
442 856 570 914 certam
583 852 733 929 aliquam
745 851 868 912 babere
879 851 1025 911 formam
1039 865 1114 911 cum
1127 848 1243 926 aliqua
1256 846 1409 909 solemni·

208 959 283 1017 tate
302 972 342 1017 ac
361 954 443 1032 ritu,
463 957 503 1016 ut
522 953 660 1032 publica
679 953 941 1016 candidatorum
961 951 1084 1030 petitio
1105 967 1144 1013 ac
1165 949 1408 1028 praesentatio,

209 1057 368 1136 probatio
396 1056 512 1135 aliqua
539 1059 574 1118 et
601 1055 801 1133 novitiatus,
829 1055 882 1117 vel
908 1055 1029 1116 saltem
1056 1054 1231 1132 impositio
1259 1053 1409 1131 babitus,

210 1159 414 1238 scapularis,
441 1158 628 1236 cincturae,
656 1174 743 1236 quae
770 1175 811 1219 ea
839 1158 894 1218 sni
921 1161 1049 1219 notura
1076 1141 1288 1235 personalem
1316 1173 1410 1234 prae·

210 1263 357 1323 sentiam
371 1262 562 1340 requirnnt.
600 1262 669 1321 Pro
685 1259 881 1337 hujusmodi
897 1259 1014 1336 itaque
1031 1257 1283 1320 Sodalitatibus
1300 1257 1410 1335 cujus·

209 1380 352 1442 cumque
370 1362 442 1424 sint
462 1362 610 1423 nominis
630 1362 727 1423 nulla
746 1360 920 1439 praesenti
941 1360 1172 1422 declaratione
1191 1360 1296 1422 datur
1317 1375 1409 1436 gene

210 1466 297 1528 ralis
318 1482 358 1527 ac
379 1464 558 1528 ordinaria
577 1462 732 1542 exceptio
754 1463 866 1540 alege
888 1463 929 1524 de
950 1478 1019 1523 non
1040 1461 1274 1524 adscribendis
1296 1464 1410 1523 obsen-

212 1569 321 1630 tibas:
341 1572 456 1629 tamen
474 1567 672 1630 conceditur
690 1583 806 1629 earum
826 1565 1100 1628 Moderatoribus
1117 1582 1298 1642 eorumque
1317 1566 1410 1626 Dele-

211 1669 312 1747 gatis,
333 1672 373 1730 ut
392 1669 430 1729 in
449 1668 586 1730 casibus
605 1668 839 1746 singularibus
860 1668 1059 1747 disspenare
1078 1668 1212 1746 possint
1232 1686 1254 1730 a
1273 1670 1410 1729 statuta

210 1772 322 1833 forma
341 1771 435 1832 inter
451 1772 660 1848 praesentes,
679 1787 719 1831 ac
738 1771 896 1832 absentes
915 1769 1019 1832 etiam
1040 1787 1101 1847 per
1121 1767 1329 1847 singularem
1350 1785 1410 1830 seu

210 1872 521 1934 extraordinariam
541 1872 772 1949 exceptionem
791 1871 859 1932 rite
878 1871 1080 1934 adscribere.

252 1977 282 2036 4.
304 1976 373 2035 Pro
393 1973 644 2036 sodalitatibus
661 1973 776 2051 etiam,
795 1973 863 2050 piis
881 1971 1084 2049 Unionibus,
1103 1971 1171 2049 piis
1190 1970 1358 2050 Operibus
1376 1974 1411 2032 et

210 2077 453 2154 cujuscumque
465 2076 536 2137 sint
549 2075 697 2136 nominis
712 2074 952 2152 Societatibus,
965 2092 1052 2152 quae
1065 2074 1195 2136 nullam
1209 2073 1336 2136 habent
1349 2090 1412 2152 pro

211 2179 444 2257 adscriptione
458 2178 628 2240 sodalium
642 2178 789 2238 formam
804 2195 844 2239 ac
859 2176 1083 2239 ceremoniam
1099 2177 1191 2238 inter
1204 2179 1411 2254 praesentes,

211 2281 394 2343 Decretum
415 2281 526 2358 quoa'd
547 2281 716 2358 absentes,
734 2283 901 2358 quantum
921 2279 997 2341 fieri
1016 2282 1139 2358 potest,
1159 2280 1227 2341 rite
1246 2283 1411 2357 servetur,

205 2387 241 2444 ct
253 2381 368 2461 potius
380 2382 612 2460 praesentium
624 2381 813 2459 adscriptio
826 2381 965 2442 facilior
975 2381 1143 2442 reddatur
1154 2397 1193 2442 ae
1205 2397 1267 2459 pro
1280 2380 1411 2442 viribus

212 2488 460 2562 promoveatur,
474 2484 716 2561 multiplicatis
730 2485 890 2553 canoniae
904 2484 1181 2545 Associationnrn
1195 2484 1323 2545 reatris
1337 2499 1411 2545 ana·

212 2593 312 2667 toqne
330 2605 395 2664 pro
414 2587 674 2665 opportunitate
694 2587 902 2664 Zelotornrn,
920 2587 1154 2663 Zelatriainm,
1172 2588 1412 2649 Promotornm

212 2690 265 2752 vel
280 2688 398 2767 quovis
413 2689 548 2751 nomine
564 2689 790 2766 appellentur,
807 2707 923 2750 eornm
938 2706 1089 2766 nnrnero,
1105 2690 1163 2766 qui
1178 2690 1279 2766 J'uxta
1293 2704 1412 2767 appro-

211 2792 311 2853 batas
326 2791 488 2853 Sodalitii
501 2792 591 2868 leges
607 2808 675 2851 non
691 2787 789 2854 modo
804 2790 1069 2870 inscriptionum
1085 2796 1268 2869 utcumque
1283 2791 1412 2870 promo

213 2895 398 2955 vendarum
411 2893 565 2971 officium,
577 2895 638 2956 sed
650 2891 755 2954 etiam
768 2895 985 2957 adscribendi
997 2895 1252 2971 snbdelepotom
1265 2898 1412 2957 ltobeant

212 2996 424 3072 taenltatent.
462 2996 527 3058 Sed
543 2987 618 3057 cum
632 2997 667 3057 id
682 3013 742 3059 nec
757 3013 897 3074 semper,
911 3015 972 3060 nec
988 2997 1111 3074 ubique
1127 2997 1200 3058 fieri
1217 2997 1335 3076 possit,
1351 3015 1412 3061 nec

211 3097 315 3174 plane
333 3096 490 3175 sufficiat,
510 3098 711 3176 Apostolica
731 3098 944 3176 benignitate
965 3099 1211 3177 indulgendum
1232 3117 1305 3162 esse
1325 3100 1412 3162 vide-

211 3202 281 3276 tur,
306 3198 430 3276 utqui
455 3205 652 3277 praesentes
678 3200 849 3261 commode
873 3217 947 3262 esse
971 3205 1153 3280 nequeunt,
1179 3219 1249 3262 non
1274 3200 1413 3262 omnino

213 3301 450 3378 excludantur,
484 3302 542 3363 sed
574 3302 727 3380 quamvis
761 3305 928 3380 absentes,
960 3320 1022 3380 per
1053 3302 1191 3365 litteras
1226 3304 1277 3366 vel
1310 3303 1413 3366 inter·

212 3401 344 3479 positas
376 3419 550 3480 personas,
582 3421 668 3480 quae
699 3421 755 3464 eos
787 3407 1054 3481 repraesentent,
1087 3406 1237 3467 adscribi
1267 3407 1413 3468 dismete

212 3506 361 3582 valeant,
387 3504 528 3566 vitando
555 3505 659 3580 simul
684 3505 821 3584 abusus,
848 3507 972 3585 quibus
997 3507 1143 3594 maxime
1170 3508 1412 3586 praecavendis

212 3605 514 3667 adscribendorum
541 3607 736 3684 praesentia
762 3597 961 3686 requiritur.
1010 3610 1132 3686 Itaque
1158 3603 1235 3671 'cum
1260 3610 1413 3696 plurium

213 3707 338 3770 diversi
357 3708 505 3769 nominis
524 3707 756 3771 Sodalitatum
775 3726 815 3771 ac
833 3709 967 3788 piorum
986 3709 1204 3789 Operum-vis
1221 3715 1256 3773 et
1274 3711 1413 3773 utilitas

213 3809 360 3871 maxime
376 3810 425 3871 sit
442 3809 480 3870 in
498 3809 650 3872 fidelium
668 3828 820 3887 nnmero,
837 3811 895 3888 qui
915 3811 959 3874 ad
977 3811 1075 3873 varia
1094 3811 1236 3890 pietatis
1252 3817 1287 3874 et
1306 3813 1412 3874 cbari-

213 3911 299 3973 tatis
323 3911 488 3974 exercitia
513 3911 764 3988 consociantur,
790 3929 832 3974 ne
857 3913 1073 3992 praesentiae
1098 3914 1250 3976 conditio
1275 3914 1413 3992 impedi·

214 4017 328 4075 mento
358 4013 405 4075 sit
436 4013 594 4100 felicibus
627 4013 837 4077 Societatum
866 4014 1097 4093 incrementis,
1128 4033 1168 4078 ac
1199 4034 1242 4078 ne
1271 4017 1413 4103 plurimi

214 4115 329 4183 fideles
366 4115 475 4177 bonae
511 4115 701 4198 voluntatis
739 4115 782 4177 ab
818 4116 1056 4195 inscriptionis
1085 4101 1254 4188 ¹beneficio
1292 4122 1414 4181 contra

213 4217 351 4284 Decreti
371 4220 517 4278 mentem
537 4216 816 4295 praepediantur,
837 4218 871 4280 S.
892 4217 1120 4296 congregatio
1164 4265 1171 4280 .
1213 4265 1224 4282 ..
1269 4267 1276 4282 .
1320 4236 1413 4298 prae

214 4318 303 4380 senti
339 4319 402 4381 hac
436 4317 641 4397 dispositiva
676 4319 909 4382 declaratione
952 4365 960 4381 .
1004 4366 1012 4382 .
1056 4366 1064 4382 .
1108 4320 1272 4404 declarat,
1307 4322 1412 4384 etiam

214 4422 371 4482 absentes
392 4421 437 4482 ad
458 4419 654 4498 huiusmodi
676 4420 751 4499 pias
773 4420 1027 4482 Associationes
1048 4420 1197 4483 adscribi
1218 4439 1327 4502 posse,
1348 4442 1413 4485 ser·
