3336 5166
515 387 566 447 De
581 386 1177 461 Oootroteroitats'bosEookaastiois
1394 384 1450 442 lot

343 585 420 646 Art.
436 583 760 662 11.-Doltptsoopt
773 587 945 661 potestate
958 584 998 644 to
1012 583 1350 662 Ooatroterm'tatam
1411 632 1413 637 .

691 667 1003 747 summatum

290 820 469 883 ordinarii
508 821 663 899 potestas
702 819 741 881 in
780 819 1107 883 confraternitatum
1149 819 1451 882 administratione

248 923 392 986 definita
416 921 487 984 tuit
513 921 642 1001 partim
667 939 689 984 a
716 920 973 984 Constitutione
1000 923 1237 1001 Quaecumque
1265 921 1450 985 Clementis

247 1025 349 1103 VIII,
368 1025 498 1105 partlm
516 1041 537 1086 a
556 1023 710 1086 Concilio
729 1023 941 1102 Tridentino,
960 1040 1001 1087 ac
1018 1025 1168 1103 tandem,
1188 1025 1272 1087 data
1291 1016 1449 1103 oppor'tu·

247 1127 370 1206 nitate,
388 1145 411 1189 a
428 1125 544 1189 Sacris
562 1124 903 1204 Congregationibus.

296 1230 350 1306 (a)
377 1229 536 1291 Pertinet
564 1227 603 1290 iu
633 1227 755 1307 primis
787 1228 833 1290 ad
863 1227 1097 1306 Ordinarium,
1128 1228 1230 1307 juxta
1250 1227 1448 1300 ‘Clementis

246 1333 341 1396 VIII
366 1330 657 1394 Constitutionem
683 1331 931 1410 Quaecumque,
956 1329 1185 1392 determinare
1209 1330 1357 1407 modum,
1383 1344 1476 1408 quo,

249 1433 564 1497 Contraternitates
598 1433 734 1512 possint
769 1431 929 1510 colligere
961 1448 1002 1494 uc
1034 1449 1176 1510 erogare
1208 1432 1449 1511 eleemosynas.

249 1536 457 1599 Gontinetur
493 1535 555 1597 boc
592 1534 631 1597 in
667 1535 885 1614 paragrapho
923 1531 1034 1595 ἯΙΙο
1076 1534 1240 1596 laudatae
1276 1533 1450 1596 Constitu·

248 1638 365 1717 tionIs,
392 1637 452 1718 qui
476 1638 715 1716 paragraphus
739 1637 791 1698 lta
816 1640 935 1699 sonat:
961 1636 1113 1711 “Quibus
1137 1637 1243 1699 etiam
1269 1635 1450 1710 ministris

248 1739 449 1802 offiualibus
466 1743 502 1802 et
520 1739 601 1802 aliis
620 1739 818 1818 praedictis,
836 1739 1066 1818 eleemosynas
1085 1742 1121 1802 et
1139 1737 1210 1801 alia
1228 1739 1346 1801 oblata
1365 1738 1450 1801 chri-

249 1841 385 1905 stianae
405 1841 588 1904 charitatis
606 1841 761 1904 subsidia
780 1842 881 1920 juxta
900 1843 1047 1918 modum,
1065 1846 1101 1904 et
1118 1841 1265 1904 formam
1284 1859 1345 1919 per
1363 1841 1450 1903 ordi·

248 1930 385 2006 narium
408 1942 476 2006 loci
498 1943 806 2022 praescribendam,
831 1944 970 2007 remotis
993 1947 1111 2007 tamen
1134 1944 1271 2022 mensis,
1295 1943 1450 2024 pelvibus

246 2049 283 2107 et
298 2046 422 2124 capsis,
439 2047 580 2124 quaein
596 2045 749 2109 ecclesiis
765 2050 801 2108 et
817 2045 980 2109 oratoriis
998 2046 1170 2108 dictarum
1187 2043 1450 2108 confraternita-

246 2151 322 2210 tum
337 2152 373 2212 et
388 2148 690 2228 congregationum
706 2148 841 2228 publice
857 2165 1019 2228 persaepe
1035 2150 1080 2211 ad
1096 2149 1158 2210 boc
1174 2149 1299 2226 exponi
1315 2165 1451 2210 consue

248 2255 372 2313 verunt
389 2251 582 2329 excipiendi
601 2253 773 2330 postestas
793 2252 904 2313 detur.
946 2251 1059 2331 Atque
1078 2252 1140 2313 hoc
1159 2252 1273 2329 Ipsum
1293 2251 1449 2328 Ordines,

247 2352 452 2431 Religiones,
470 2352 642 2415 Instituta
658 2351 837 2431 erigentia,
853 2351 1076 2415 instituentis
1093 2369 1133 2415 ac
1150 2353 1449 2428 communicantia,

248 2471 309 2517 seu
328 2454 741 2518 Arcbicontraternitates
762 2458 798 2517 et
819 2453 1108 2532 Oougregationes
1130 2460 1355 2533 aggregantes
1376 2458 1449 2517 tam

248 2557 370 2620 Almae
384 2554 489 2618 Urbis
503 2559 643 2619 noemae
657 2573 759 2635 quam
775 2555 923 2618 aliarum
939 2554 1139 2634 Givitatum,
1154 2559 1191 2618 et
1205 2556 1357 2618 locorum
1373 2573 1449 2635 quo

249 2675 470 2737 rumcumque
493 2655 594 2736 iuxta
618 2657 756 2720 modum
781 2674 803 2719 a
827 2657 968 2720 Vicario
994 2657 1097 2720 Urbis
1123 2661 1158 2720 et
1183 2659 1227 2721 ab
1252 2657 1450 2720 Ordinariis

248 2760 400 2822 locorum
412 2759 600 2838 respective
612 2759 922 2839 praescribendum,
937 2761 1116 2823 observare
1128 2763 1322 2822 teneantur.
1357 2761 1449 2823 Elee-

248 2878 408 2940 mosynae
421 2860 472 2924 sic
485 2861 647 2924 colledtas
660 2861 697 2922 in
712 2861 965 2941 reparatIonem
979 2865 1015 2924 et
1029 2865 1190 2924 ornatum
1205 2861 1449 2939 Ecclesiamm,

248 2966 322 3028 tam
346 2962 524 3041 Ordinum,
548 2962 775 3041 Rellgiouum,
800 2959 1047 3026 Institutorum
1072 2963 1287 3041 erigentium,
1312 2963 1449 3028 iustitu-

249 3065 381 3129 entium
398 3068 434 3130 et
450 3065 786 3142 communicantium,
804 3083 844 3126 ac
861 3065 1296 3128 Arcbiconfraternitatum
1313 3069 1350 3128 et
1367 3065 1450 3128 Con·

248 3159 485 3245 gregatio'num
501 3167 740 3245 erigendarum
756 3171 791 3229 et
807 3166 1100 3230 instituendarum
1115 3172 1150 3230 et
1166 3168 1290 3246 quibus
1307 3185 1450 3232 commu·

234 3268 440 3332 ,nicationes
455 3268 549 3348 fient,
565 3271 628 3332 aut
644 3268 681 3330 in
697 3268 785 3331 alios
800 3285 917 3331 earum
933 3269 1009 3347 pios
1024 3287 1118 3346 usus,
1135 3269 1282 3334 arbitrio
1298 3270 1449 3348 eiusdem

248 3369 381 3432 Vicarii
402 3368 514 3432 nostri
533 3369 572 3431 in
592 3369 693 3448 Urbe,
714 3385 845 3432 necnon
865 3370 1129 3434 ordinariorum
1149 3370 1302 3434 locorum
1323 3388 1450 3451 respec-

248 3471 319 3534 tive
334 3470 484 3535 fideliter
498 3488 675 3550 exponere,
693 3475 797 3550 atque
813 3488 954 3549 erogare
970 3473 1186 3550 procurent.’'

299 3571 352 3649 (b)
380 3573 581 3652 Episcopus,
604 3573 759 3651 quamvis
780 3591 850 3634 non
873 3576 988 3650 potest
1012 3591 1048 3636 se
1069 3573 1224 3651 lngerere
1248 3574 1285 3636 in
1308 3574 1449 3636 admini-

250 3673 454 3738 strationem
484 3676 651 3737 bonorum
682 3674 1018 3738 confraternitatum
1057 3675 1254 3753 (dummodo
1286 3676 1349 3738 illa
1381 3659 1479 3738 non¹

250 3773 518 3854 dilapident),²⁸³
543 3778 628 3841 bene
652 3782 768 3840 tamen
793 3781 917 3856 potest,
943 3777 1047 3840 immo
1071 3779 1181 3856 debet,
1207 3780 1253 3841 ad
1274 3779 1450 3842 tollendos

249 3877 378 3939 abusus
393 3881 428 3940 et
444 3879 659 3958 praeiudicia
675 3879 842 3942 Locorum
858 3879 1010 3959 Piorum,
1027 3879 1163 3944 lldictis
1180 3897 1392 3959 praecavere,
1409 3883 1452 3944 ut

249 3977 339 4042 bona
354 3979 504 4044 fideliter
518 3981 869 4060 administrentur;²⁸‘

297 4081 348 4158 (o)
373 4081 491 4153 liabet
516 4082 574 4162 jus
600 4083 787 4148 asslstendi
813 4101 875 4164 per
901 4101 937 4147 se
962 4084 1016 4146 vel
1041 4100 1104 4164 per
1130 4101 1229 4146 suum
1256 4084 1450 4164 delegatum

251 4183 400 4247 comitiis
432 4183 769 4248 Contraternitatum
800 4189 836 4248 et
866 4185 1025 4249 electioni
1055 4185 1263 4264 edictalium,
1294 4186 1449 4265 quamvis

249 4285 376 4365 absque
393 4286 564 4364 facultate
580 4290 698 4350 votum
716 4287 841 4366 dandi3

249 4405 447 4418 h—n—-n—-u

281 4435 406 4488 ¹⁸·cono.
422 4431 504 4485 Trld.
521 4443 584 4491 cau.
604 4417 619 4484 t
637 4433 667 4484 ct
685 4431 709 4500 9,
729 4431 806 4482 sess.
824 4429 867 4482 22.

282 4504 311 4534 '⁸‘
321 4503 349 4557 Ι.
366 4503 455 4564 cona.
471 4501 608 4560 concub,
624 4500 657 4552 ln
672 4499 831 4560 Allpbanc,
847 4500 864 4552 8
880 4498 955 4560 Mati
970 4498 1049 4552 troo.
