3336 5166
466 392 517 450 De
536 390 876 465 Oonjroternitotites
891 390 1135 452 lleoleeiostiois
1374 389 1412 450 99

211 587 321 667 vitae3
342 592 377 651 et
398 589 469 652 alia
489 589 714 653 inveniuntur
734 590 916 670 Instituta,
936 607 1024 670 quae
1044 608 1115 652 non
1135 591 1246 654 solum
1265 596 1412 671 porroet

211 692 351 770 eripere,
368 691 550 754 sedetiam
565 692 642 771 jere
659 693 843 772 potientur
861 693 1081 772 aggregandi,
1098 696 1139 755 ut
1157 695 1239 755 sunt
1258 692 1412 756 Societas

211 793 235 854 J
236 810 306 871 esu,
323 792 448 856 Olerici
463 793 660 872 Regulares,
677 792 830 856 Infirmis
846 793 1098 872 Ministrantes,
1114 795 1178 856 etc.

252 895 380 956 Verum
399 894 431 956 si
451 911 505 956 res
525 895 663 974 penitus
683 896 926 975 perpendatur,
947 895 1106 958 doctrina
1125 897 1164 958 P.
1186 895 1353 958 Theodori
1374 896 1412 957 in

210 995 357 1058 materia
383 985 677 1074 indulgentiarum
704 997 917 1076 peritissimi,
945 997 1014 1060 dici
1042 998 1142 1060 debet
1168 997 1412 1060 universaliter

212 1115 300 1160 vera.
345 1098 434 1160 Nam
456 1098 575 1175 negari
598 1098 717 1178 nequit
739 1100 830 1178 quod
852 1099 1014 1178 religiosa
1038 1099 1220 1178 Instituta,
1243 1104 1412 1180 quaternis

212 1204 293 1262 seat
308 1201 471 1278 religiosa
487 1200 670 1278 Instituta,
687 1199 1001 1263 confraternitates
1018 1217 1105 1279 quae
1121 1202 1165 1264 ab
1182 1201 1232 1264 eis
1250 1204 1412 1279 repetunt

211 1300 386 1381 originem,
422 1301 562 1380 erigunt
598 1301 797 1364 dumtaxat:
833 1302 1043 1380 aggregandi
1080 1302 1172 1365 enim
1207 1302 1411 1366 facultatem

211 1404 321 1465 solum
355 1401 767 1466 Archiconfreteruitates
801 1420 862 1464 seu
896 1403 1186 1483 Ooeprepotioeee
1218 1405 1411 1466 Primarioe

212 1505 347 1567 habent.
393 1504 492 1578 Quod
516 1504 547 1567 si
569 1505 729 1566 nonnulli
753 1504 922 1567 Ordinum
946 1505 1185 1584 religiosorum
1212 1504 1411 1584 Superiores

210 1607 267 1687 jus
283 1605 461 1686 possident
476 1606 694 1685 aggregandi,
711 1607 774 1668 hoc
788 1606 838 1668 eis
854 1606 1013 1685 provenit
1028 1623 1070 1668 ex
1087 1606 1279 1669 constituta
1294 1607 1412 1669 Arolri

212 1711 410 1786 sodalitate,
435 1726 523 1788 quae
546 1709 751 1788 foeditatem
778 1709 998 1788 aggregandi,
1027 1725 1069 1771 ex
1097 1708 1277 1787 privilegio
1306 1709 1411 1788 Apos-

211 1811 326 1888 tolico,
345 1816 478 1874 eoeroet
496 1828 558 1890 per
576 1810 754 1890 praefatos
773 1811 975 1890 Superiores
994 1812 1191 1890 respective.
1234 1811 1291 1874 Sic
1309 1829 1340 1873 v.
1360 1827 1410 1890 gr.

211 1912 434 1992 Praepositus
453 1911 632 1975 Generalis
652 1911 835 1975 Societatis
853 1914 939 1976 «Iesu
956 1913 1013 1991 J'us
1032 1912 1135 1975 habet
1152 1913 1305 1992 erigendi
1330 1914 1411 1990 (ser-

211 2016 301 2078 vatis
324 2015 517 2091 servandis)
548 2014 836 2094 Oougregationes
860 2015 1038 2077 Marianas
1062 2017 1098 2077 et
1123 2013 1411 2094 Congregationes

210 2118 327 2180 Bonae
350 2116 474 2179 Mortis
497 2133 620 2195 easque
642 2116 850 2194 aggregandi
873 2115 1205 2194 Oongregationibus
1228 2115 1410 2178 Primariis

189 2241 191 2245 ·
212 2220 325 2283 Urbis.
362 2220 386 2282 J
387 2237 443 2282 am
457 2235 546 2297 vero,
562 2219 742 2297 praefatus
756 2219 980 2297 Praepositae
996 2217 1175 2281 Generalis
1191 2222 1231 2280 ot
1247 2219 1412 2298 Superior

213 2322 353 2384 Ordinis
371 2321 537 2400 Religioai
556 2321 660 2398 erigit
679 2324 885 2399 memoratas
906 2320 983 2399 pias
1004 2319 1304 2399 Oongregationes‚
1325 2335 1411 2398 quae

212 2423 395 2486 abeodem
422 2421 551 2485 Ordine
576 2426 738 2500 repetam
763 2421 946 2500 originem;
974 2427 1143 2501 quotenos
1168 2439 1247 2486 vero
1273 2426 1325 2485 est
1350 2423 1411 2485 See

211 2541 348 2606 premm
371 2525 569 2587 Moderator
593 2525 903 2604 Oooprepatioeam
925 2524 1178 2588 Primorioram
1202 2524 1315 2603 Urbis,
1337 2523 1412 2602 ipse

212 2631 376 2706 aggregat
395 2629 430 2689 et
451 2625 679 2689 communicat
698 2625 880 2705 privilegia
900 2628 935 2687 et
955 2625 1200 2704 indulgentias.
1242 2624 1410 2688 Doctrina

211 2746 291 2808 ergo
312 2728 449 2791 laudati
472 2729 511 2791 P.
536 2728 703 2790 Theodori
727 2746 748 2790 a
772 2727 908 2807 Spiritu
933 2727 1060 2790 Sancto
1083 2726 1315 2790 videturesse
1338 2726 1410 2789 uni·

211 2831 390 2893 versaliter
407 2847 498 2909 vera,
517 2831 606 2908 quod
626 2830 757 2892 scilicet
775 2829 979 2907 Religiones,
998 2828 1155 2907 Ordines,
1174 2830 1249 2906 etc,
1268 2845 1337 2890 non
1356 2845 1410 2906 ag·

212 2932 376 3012 gregandi
403 2931 607 2995 facultatem
636 2931 772 3010 habent,
801 2932 860 2993 sed
889 2931 1042 3008 erigendi
1070 2931 1298 2993 saecularium
1327 2930 1410 2997 Cou-

211 3035 451 3098 fraternitates
465 3037 500 3096 et
515 3032 855 3112 Oongregationes.¹²²

252 3137 282 3200 6.
305 3137 399 3198 Hlud
425 3137 479 3198 est
503 3135 650 3198 maxime
675 3135 874 3219 notandum,
902 3133 1315 3196 Archiconfraternitates
1341 3151 1411 3196 eoo

210 3255 309 3319 posse
341 3255 526 3317 opprepore
557 3237 626 3298 oiri
658 3236 971 3320 Ooofroteroitotes
1003 3237 1156 3315 ejusdem
1186 3235 1344 3298 instituti
1375 3239 1410 3298 et

209 3341 299 3420 tiras.
340 3339 477 3412 Pluries
496 3339 708 3402 declaratum
726 3339 789 3401 hoc
807 3337 878 3409 fuit
897 3355 919 3400 a
940 3336 1069 3401 Sancta
1090 3337 1185 3400 Sede.
1227 3336 1409 3416 Inprimis

211 3442 423 3505 declaratum
443 3443 506 3503 hoc
524 3441 595 3503 fuit
615 3459 636 3503 a
659 3440 765 3504 Sacra
786 3440 1057 3519 Oongregatione
1078 3440 1133 3503 die
1153 3441 1195 3503 20
1216 3440 1306 3502 Julii
1327 3439 1410 3503 1728

210 3561 272 3624 per
289 3544 462 3606 decretum
481 3543 717 3606 authenticum
735 3543 777 3604 N.
796 3543 847 3619 94,
865 3542 987 3621 inquo
1006 3558 1206 3621 responsum
1224 3541 1294 3604 fuit
1313 3559 1409 3620 oepe-

212 3648 280 3708 tive
297 3644 589 3710 Goufratemitati
606 3644 645 3705 B.
661 3644 818 3722 Virginis
835 3644 1051 3707 Lauretanae
1068 3643 1105 3704 in
1123 3643 1264 3706 civitate
1281 3642 1410 3721 Papiae

210 3747 299 3810 alias
337 3746 726 3810 Archiconfraternitati
765 3744 825 3808 SS.
863 3745 1022 3807 Nominis
1059 3745 1191 3808 Mariae
1228 3747 1270 3808 de
1308 3744 1409 3820 Urbe,

210 3849 347 3929 quando
373 3848 581 3928 supplicavit
605 3865 667 3927 pro
693 3847 934 3925 declaratione,
960 3851 1095 3910 utnon
1121 3848 1279 3910 obstante
1304 3839 1409 3923 diver-

210 3952 316 4014 sitate
334 3950 500 4029 instituti,
518 3950 592 4012 frui
609 3951 739 4013 valeret
756 3948 983 4026 indulgentiis
1002 3948 1409 4012 Archicoufraternitafis

210 4051 440 4132 aggregantis.

253 4153 348 4218 Idem
377 4153 615 4220 confirmatum
642 4157 695 4215 est
721 4169 782 4232 per
808 4151 913 4215 aliam
941 4151 1145 4214 decisionem
1175 4149 1300 4220 Sacrae
1326 4151 1409 4213 Oon·

211 4256 431 4336 gregationis.
466 4255 520 4316 Iin
533 4271 602 4334 qua
614 4255 651 4328 in
663 4254 840 4317 occasione
854 4253 937 4316 data
950 4256 1003 4315 est
1017 4254 1099 4314 haee
1113 4251 1257 4314 decisio:

252 4360 297 4421 In
323 4359 467 4423 ecelesia
493 4359 624 4420 Domus
652 4357 827 4437 professae
856 4354 1039 4419 Societatis
1067 4355 1154 4417 Jesu
1187 4353 1327 4432 (Ohiesa
1353 4343 1458 4419 dolf.

215 4485 412 4509 —-¹¹-'¹⁶'

244 4543 272 4570 ¹2¹
282 4521 493 4598 uocauerant.
509 4513 555 4596 op.
570 4535 621 4588 aa.
636 4535 715 4587 moa.

1101 4685 1375 4818 aeetae
1413 4753 1444 4848 ·.
