<?xml version="1.0" encoding="UTF-8"?>
<!DOCTYPE html PUBLIC "-//W3C//DTD XHTML 1.0 Transitional//EN"
    "http://www.w3.org/TR/xhtml1/DTD/xhtml1-transitional.dtd">
<html xmlns="http://www.w3.org/1999/xhtml" xml:lang="en" lang="en">
 <head>
  <title>
</title>
<meta http-equiv="Content-Type" content="text/html;charset=utf-8" />
  <meta name='ocr-system' content='tesseract 3.04.00' />
  <meta name='ocr-capabilities' content='ocr_page ocr_carea ocr_par ocr_line ocrx_word'/>
</head>
<body>
  <div class='ocr_page' id='page_1' title='image "./deconfraternita01borkgoog_0014.png"; bbox 0 0 3340 5170; ppageno 0'>
   <div class='ocr_carea' id='block_1_1' title="bbox 679 695 957 759">
    <p class='ocr_par' dir='ltr' id='par_1_1' title="bbox 679 695 957 759">
     <span class='ocr_line' id='line_1_1' title="bbox 679 695 957 759; baseline 0.007 -2"><span class='ocrx_word' id='word_1_1' title='bbox 679 695 957 759; x_wconf 76' lang='lat' dir='ltr'>PROOEMIUM</span> 
     </span>
    </p>
   </div>
   <div class='ocr_carea' id='block_1_2' title="bbox 220 829 1420 1012">
    <p class='ocr_par' dir='ltr' id='par_1_2' title="bbox 220 829 1420 1012">
     <span class='ocr_line' id='line_1_2' title="bbox 262 829 1420 916; baseline 0.001 -25"><span class='ocrx_word' id='word_1_2' title='bbox 262 832 447 908; x_wconf 84' lang='lat' dir='ltr'><strong>Perspecto</strong></span> <span class='ocrx_word' id='word_1_3' title='bbox 473 830 570 916; x_wconf 85' lang='grc'><strong>11111</strong></span> <span class='ocrx_word' id='word_1_4' title='bbox 598 829 771 891; x_wconf 92' lang='lat' dir='ltr'><strong>hominum</strong></span> <span class='ocrx_word' id='word_1_5' title='bbox 800 834 927 894; x_wconf 91' lang='lat' dir='ltr'><strong>natura</strong></span> <span class='ocrx_word' id='word_1_6' title='bbox 955 830 1247 910; x_wconf 77' lang='lat' dir='ltr'><strong>consideratisque</strong></span> <span class='ocrx_word' id='word_1_7' title='bbox 1274 831 1420 894; x_wconf 91' lang='lat' dir='ltr'><strong>diversis</strong></span> 
     </span>
     <span class='ocr_line' id='line_1_3' title="bbox 220 931 1420 1012; baseline 0 -18"><span class='ocrx_word' id='word_1_8' title='bbox 220 932 403 994; x_wconf 91' lang='lat' dir='ltr'><strong>eorundem</strong></span> <span class='ocrx_word' id='word_1_9' title='bbox 433 931 727 1010; x_wconf 78' lang='lat' dir='ltr'><strong>inclinationibus,</strong></span> <span class='ocrx_word' id='word_1_10' title='bbox 758 949 826 992; x_wconf 92' lang='lat' dir='ltr'><strong>non</strong></span> <span class='ocrx_word' id='word_1_11' title='bbox 856 933 966 994; x_wconf 91' lang='lat' dir='ltr'><strong>solum</strong></span> <span class='ocrx_word' id='word_1_12' title='bbox 996 947 1184 1011; x_wconf 89' lang='lat' dir='ltr'><strong>congruum</strong></span> <span class='ocrx_word' id='word_1_13' title='bbox 1214 933 1274 995; x_wconf 87' lang='lat' dir='ltr'><strong>sed</strong></span> <span class='ocrx_word' id='word_1_14' title='bbox 1303 933 1420 1012; x_wconf 85' lang='lat' dir='ltr'><strong>aliquo</strong></span> 
     </span>
    </p>
   </div>
   <div class='ocr_carea' id='block_1_3' title="bbox 16 1033 1420 1113">
    <p class='ocr_par' dir='ltr' id='par_1_3' title="bbox 16 1033 1420 1113">
     <span class='ocr_line' id='line_1_4' title="bbox 16 1033 1420 1113; baseline 0.001 -19"><span class='ocrx_word' id='word_1_15' title='bbox 16 1099 17 1106; x_wconf 7' lang='grc' dir='ltr'>χ</span> <span class='ocrx_word' id='word_1_16' title='bbox 134 1073 135 1078; x_wconf 38' lang='lat'>1</span> <span class='ocrx_word' id='word_1_17' title='bbox 221 1051 323 1095; x_wconf 90' lang='lat' dir='ltr'><strong>sensu</strong></span> <span class='ocrx_word' id='word_1_18' title='bbox 341 1033 489 1113; x_wconf 82' lang='lat' dir='ltr'><strong>perutile</strong></span> <span class='ocrx_word' id='word_1_19' title='bbox 506 1050 547 1095; x_wconf 91' lang='lat' dir='ltr'><strong>ac</strong></span> <span class='ocrx_word' id='word_1_20' title='bbox 565 1034 637 1095; x_wconf 86' lang='lat' dir='ltr'><strong>fere</strong></span> <span class='ocrx_word' id='word_1_21' title='bbox 655 1033 884 1095; x_wconf 89' lang='lat' dir='ltr'><strong>necessarium</strong></span> <span class='ocrx_word' id='word_1_22' title='bbox 902 1033 1048 1112; x_wconf 90' lang='lat' dir='ltr'><strong>videtur,</strong></span> <span class='ocrx_word' id='word_1_23' title='bbox 1067 1034 1162 1096; x_wconf 91' lang='lat' dir='ltr'><strong>utin</strong></span> <span class='ocrx_word' id='word_1_24' title='bbox 1182 1034 1246 1096; x_wconf 92' lang='lat' dir='ltr'><strong>Dei</strong></span> <span class='ocrx_word' id='word_1_25' title='bbox 1265 1034 1420 1096; x_wconf 82' lang='lat' dir='ltr'><strong>Ecclesia</strong></span> 
     </span>
    </p>
   </div>
   <div class='ocr_carea' id='block_1_4' title="bbox 183 1134 1423 1924">
    <p class='ocr_par' dir='ltr' id='par_1_4' title="bbox 183 1134 1423 1924">
     <span class='ocr_line' id='line_1_5' title="bbox 221 1134 1420 1214; baseline 0.001 -18"><span class='ocrx_word' id='word_1_26' title='bbox 221 1136 336 1213; x_wconf 89' lang='lat' dir='ltr'><strong>plures</strong></span> <span class='ocrx_word' id='word_1_27' title='bbox 361 1135 548 1196; x_wconf 83' lang='lat' dir='ltr'><strong>existerent</strong></span> <span class='ocrx_word' id='word_1_28' title='bbox 571 1134 716 1196; x_wconf 80' lang='grc'><strong>01111111</strong></span> <span class='ocrx_word' id='word_1_29' title='bbox 741 1134 903 1214; x_wconf 88' lang='lat' dir='ltr'><strong>religiosi,</strong></span> <span class='ocrx_word' id='word_1_30' title='bbox 927 1135 972 1197; x_wconf 89' lang='lat' dir='ltr'><strong>ad</strong></span> <span class='ocrx_word' id='word_1_31' title='bbox 997 1152 1081 1213; x_wconf 92' lang='lat' dir='ltr'><strong>quos</strong></span> <span class='ocrx_word' id='word_1_32' title='bbox 1105 1151 1261 1198; x_wconf 85' lang='lat' dir='ltr'><strong>accessus</strong></span> <span class='ocrx_word' id='word_1_33' title='bbox 1285 1138 1420 1214; x_wconf 87' lang='lat' dir='ltr'><strong>pateret</strong></span> 
     </span>
     <span class='ocr_line' id='line_1_6' title="bbox 221 1235 1420 1315; baseline -0.002 -17"><span class='ocrx_word' id='word_1_34' title='bbox 221 1237 378 1299; x_wconf 90' lang='lat' dir='ltr'><strong>omnibus</strong></span> <span class='ocrx_word' id='word_1_35' title='bbox 391 1236 445 1313; x_wconf 91' lang='lat' dir='ltr'><strong>iis,</strong></span> <span class='ocrx_word' id='word_1_36' title='bbox 459 1237 518 1314; x_wconf 92' lang='lat' dir='ltr'><strong>qui</strong></span> <span class='ocrx_word' id='word_1_37' title='bbox 531 1253 600 1297; x_wconf 90' lang='lat' dir='ltr'><strong>non</strong></span> <span class='ocrx_word' id='word_1_38' title='bbox 613 1236 765 1298; x_wconf 88' lang='lat' dir='ltr'><strong>contenti</strong></span> <span class='ocrx_word' id='word_1_39' title='bbox 779 1237 821 1299; x_wconf 92' lang='lat' dir='ltr'><strong>de</strong></span> <span class='ocrx_word' id='word_1_40' title='bbox 834 1235 1052 1298; x_wconf 89' lang='lat' dir='ltr'><strong>observantia</strong></span> <span class='ocrx_word' id='word_1_41' title='bbox 1065 1238 1330 1315; x_wconf 88' lang='lat' dir='ltr'><strong>Praeceptorum</strong></span> <span class='ocrx_word' id='word_1_42' title='bbox 1344 1237 1420 1314; x_wconf 89' lang='lat' dir='ltr'><strong>Dei,</strong></span> 
     </span>
     <span class='ocr_line' id='line_1_7' title="bbox 221 1337 1420 1416; baseline -0.003 -15"><span class='ocrx_word' id='word_1_43' title='bbox 221 1338 292 1416; x_wconf 83' lang='lat' dir='ltr'><strong>J&#39;am</strong></span> <span class='ocrx_word' id='word_1_44' title='bbox 313 1338 357 1399; x_wconf 89' lang='lat' dir='ltr'><strong>ab</strong></span> <span class='ocrx_word' id='word_1_45' title='bbox 379 1337 620 1416; x_wconf 88' lang='lat' dir='ltr'><strong>adolescentia,</strong></span> <span class='ocrx_word' id='word_1_46' title='bbox 641 1338 731 1399; x_wconf 87' lang='lat' dir='ltr'><strong>sicut</strong></span> <span class='ocrx_word' id='word_1_47' title='bbox 752 1337 812 1399; x_wconf 91' lang='lat' dir='ltr'><strong>ille</strong></span> <span class='ocrx_word' id='word_1_48' title='bbox 833 1337 967 1416; x_wconf 86' lang='lat' dir='ltr'><strong>juvenis</strong></span> <span class='ocrx_word' id='word_1_49' title='bbox 988 1337 1179 1416; x_wconf 83' lang='lat' dir='ltr'><strong>Evangelii,</strong></span> <span class='ocrx_word' id='word_1_50' title='bbox 1201 1338 1328 1401; x_wconf 89' lang='lat' dir='ltr'><strong>vellent</strong></span> <span class='ocrx_word' id='word_1_51' title='bbox 1349 1354 1420 1416; x_wconf 90' lang='lat' dir='ltr'><strong>per·</strong></span> 
     </span>
     <span class='ocr_line' id='line_1_8' title="bbox 222 1439 1422 1517; baseline 0.003 -17"><span class='ocrx_word' id='word_1_52' title='bbox 222 1440 397 1501; x_wconf 77' lang='lat' dir='ltr'><strong>tectiorem</strong></span> <span class='ocrx_word' id='word_1_53' title='bbox 421 1439 533 1501; x_wconf 91' lang='lat' dir='ltr'><strong>adhuc</strong></span> <span class='ocrx_word' id='word_1_54' title='bbox 556 1439 679 1502; x_wconf 89' lang='lat' dir='ltr'><strong>ducere</strong></span> <span class='ocrx_word' id='word_1_55' title='bbox 702 1439 808 1501; x_wconf 88' lang='lat' dir='ltr'><strong>vitam</strong></span> <span class='ocrx_word' id='word_1_56' title='bbox 832 1439 870 1499; x_wconf 92' lang='lat' dir='ltr'><strong>in</strong></span> <span class='ocrx_word' id='word_1_57' title='bbox 893 1439 1028 1517; x_wconf 87' lang='lat' dir='ltr'><strong>praxim</strong></span> <span class='ocrx_word' id='word_1_58' title='bbox 1052 1440 1251 1502; x_wconf 82' lang='lat' dir='ltr'><strong>reducentes</strong></span> <span class='ocrx_word' id='word_1_59' title='bbox 1274 1441 1422 1503; x_wconf 84' lang='lat' dir='ltr'><strong>verbaa</strong></span> 
     </span>
     <span class='ocr_line' id='line_1_9' title="bbox 183 1539 1421 1618; baseline 0 -16"><span class='ocrx_word' id='word_1_60' title='bbox 183 1571 185 1585; x_wconf 50' lang='grc' dir='ltr'><strong><em>ι</em></strong></span> <span class='ocrx_word' id='word_1_61' title='bbox 223 1541 337 1602; x_wconf 80' lang='grc'><strong>011111</strong></span> <span class='ocrx_word' id='word_1_62' title='bbox 355 1541 501 1601; x_wconf 92' lang='lat' dir='ltr'><strong>Domino</strong></span> <span class='ocrx_word' id='word_1_63' title='bbox 518 1541 562 1603; x_wconf 89' lang='lat' dir='ltr'><strong>ad</strong></span> <span class='ocrx_word' id='word_1_64' title='bbox 578 1539 734 1618; x_wconf 88' lang='lat' dir='ltr'><strong>juvenem</strong></span> <span class='ocrx_word' id='word_1_65' title='bbox 751 1541 863 1602; x_wconf 87' lang='lat' dir='ltr'><strong>dicta:</strong></span> <span class='ocrx_word' id='word_1_66' title='bbox 892 1540 950 1602; x_wconf 82' lang='lat' dir='ltr'><strong>“Si</strong></span> <span class='ocrx_word' id='word_1_67' title='bbox 967 1540 1019 1602; x_wconf 89' lang='lat' dir='ltr'><strong>vis</strong></span> <span class='ocrx_word' id='word_1_68' title='bbox 1035 1541 1209 1618; x_wconf 85' lang='lat' dir='ltr'><strong>perfectus</strong></span> <span class='ocrx_word' id='word_1_69' title='bbox 1226 1557 1308 1618; x_wconf 89' lang='lat' dir='ltr'><strong>esse,</strong></span> <span class='ocrx_word' id='word_1_70' title='bbox 1326 1540 1421 1618; x_wconf 88' lang='lat' dir='ltr'><strong>vade,</strong></span> 
     </span>
     <span class='ocr_line' id='line_1_10' title="bbox 222 1642 1423 1721; baseline 0 -17"><span class='ocrx_word' id='word_1_71' title='bbox 222 1643 328 1704; x_wconf 89' lang='lat' dir='ltr'><strong>vende</strong></span> <span class='ocrx_word' id='word_1_72' title='bbox 350 1643 617 1720; x_wconf 88' lang='lat' dir='ltr'><strong>universaquae</strong></span> <span class='ocrx_word' id='word_1_73' title='bbox 639 1643 742 1704; x_wconf 89' lang='lat' dir='ltr'><strong>habes</strong></span> <span class='ocrx_word' id='word_1_74' title='bbox 764 1645 799 1704; x_wconf 90' lang='lat' dir='ltr'><strong>et</strong></span> <span class='ocrx_word' id='word_1_75' title='bbox 820 1643 865 1705; x_wconf 91' lang='lat' dir='ltr'><strong>da</strong></span> <span class='ocrx_word' id='word_1_76' title='bbox 886 1642 1096 1721; x_wconf 88' lang='lat' dir='ltr'><strong>pauperibus</strong></span> <span class='ocrx_word' id='word_1_77' title='bbox 1116 1646 1152 1704; x_wconf 90' lang='lat' dir='ltr'><strong>et</strong></span> <span class='ocrx_word' id='word_1_78' title='bbox 1174 1642 1261 1720; x_wconf 89' lang='lat' dir='ltr'><strong>veni,</strong></span> <span class='ocrx_word' id='word_1_79' title='bbox 1283 1657 1423 1720; x_wconf 75' lang='lat' dir='ltr'><strong>sequere</strong></span> 
     </span>
     <span class='ocr_line' id='line_1_11' title="bbox 222 1743 1422 1826; baseline 0.001 -22"><span class='ocrx_word' id='word_1_80' title='bbox 222 1745 305 1806; x_wconf 92' lang='lat' dir='ltr'><strong>me.”</strong></span> <span class='ocrx_word' id='word_1_81' title='bbox 342 1744 462 1806; x_wconf 90' lang='lat' dir='ltr'><strong>Posita</strong></span> <span class='ocrx_word' id='word_1_82' title='bbox 477 1744 599 1806; x_wconf 87' lang='lat' dir='ltr'><strong>exinde</strong></span> <span class='ocrx_word' id='word_1_83' title='bbox 614 1744 799 1806; x_wconf 82' lang='lat' dir='ltr'><strong>existentia</strong></span> <span class='ocrx_word' id='word_1_84' title='bbox 814 1743 967 1822; x_wconf 88' lang='lat' dir='ltr'><strong>plurium</strong></span> <span class='ocrx_word' id='word_1_85' title='bbox 983 1743 1162 1821; x_wconf 89' lang='lat' dir='ltr'><strong>Ordinum,</strong></span> <span class='ocrx_word' id='word_1_86' title='bbox 1179 1743 1422 1826; x_wconf 89' lang='lat' dir='ltr'><strong>unusquisque,</strong></span> 
     </span>
     <span class='ocr_line' id='line_1_12' title="bbox 223 1845 1423 1924; baseline 0.001 -18"><span class='ocrx_word' id='word_1_87' title='bbox 223 1847 281 1924; x_wconf 91' lang='lat' dir='ltr'><strong>qui</strong></span> <span class='ocrx_word' id='word_1_88' title='bbox 300 1845 510 1907; x_wconf 90' lang='lat' dir='ltr'><strong>vocationem</strong></span> <span class='ocrx_word' id='word_1_89' title='bbox 530 1846 575 1907; x_wconf 89' lang='lat' dir='ltr'><strong>ad</strong></span> <span class='ocrx_word' id='word_1_90' title='bbox 594 1845 756 1907; x_wconf 87' lang='lat' dir='ltr'><strong>Ordinem</strong></span> <span class='ocrx_word' id='word_1_91' title='bbox 777 1845 974 1922; x_wconf 86' lang='lat' dir='ltr'><strong>religiosum</strong></span> <span class='ocrx_word' id='word_1_92' title='bbox 991 1845 1029 1906; x_wconf 92' lang='lat' dir='ltr'><strong>in</strong></span> <span class='ocrx_word' id='word_1_93' title='bbox 1048 1863 1084 1906; x_wconf 91' lang='lat' dir='ltr'><strong>se</strong></span> <span class='ocrx_word' id='word_1_94' title='bbox 1102 1845 1289 1924; x_wconf 88' lang='lat' dir='ltr'><strong>experitur,</strong></span> <span class='ocrx_word' id='word_1_95' title='bbox 1308 1849 1423 1924; x_wconf 89' lang='lat' dir='ltr'><strong>potest</strong></span> 
     </span>
    </p>
   </div>
   <div class='ocr_carea' id='block_1_5' title="bbox 120 1939 1544 2027">
    <p class='ocr_par' dir='ltr' id='par_1_5' title="bbox 120 1939 1544 2027">
     <span class='ocr_line' id='line_1_13' title="bbox 120 1939 1544 2027; baseline -0.001 -19"><span class='ocrx_word' id='word_1_96' title='bbox 120 1939 122 1942; x_wconf 69' lang='grc'><strong>’</strong></span> <span class='ocrx_word' id='word_1_97' title='bbox 222 1947 260 2008; x_wconf 93' lang='lat' dir='ltr'><strong>in</strong></span> <span class='ocrx_word' id='word_1_98' title='bbox 285 1947 396 2025; x_wconf 89' lang='lat' dir='ltr'><strong>specie</strong></span> <span class='ocrx_word' id='word_1_99' title='bbox 420 1947 519 2008; x_wconf 92' lang='lat' dir='ltr'><strong>illum</strong></span> <span class='ocrx_word' id='word_1_100' title='bbox 545 1964 608 2027; x_wconf 90' lang='lat' dir='ltr'><strong>pro</strong></span> <span class='ocrx_word' id='word_1_101' title='bbox 628 1964 669 2009; x_wconf 91' lang='grc'><strong>11</strong></span> <span class='ocrx_word' id='word_1_102' title='bbox 694 1947 835 2024; x_wconf 83' lang='lat' dir='ltr'><strong>seligere</strong></span> <span class='ocrx_word' id='word_1_103' title='bbox 861 1947 1033 2025; x_wconf 89' lang='lat' dir='ltr'><strong>Ordinem,</strong></span> <span class='ocrx_word' id='word_1_104' title='bbox 1059 1964 1169 2025; x_wconf 88' lang='lat' dir='ltr'><strong>quem,</strong></span> <span class='ocrx_word' id='word_1_105' title='bbox 1196 1947 1423 2021; x_wconf 88' lang='lat' dir='ltr'><strong>consideratis</strong></span> <span class='ocrx_word' id='word_1_106' title='bbox 1540 1952 1544 1957; x_wconf 83' lang='lat'>&#39;</span> 
     </span>
    </p>
   </div>
   <div class='ocr_carea' id='block_1_6' title="bbox 210 2047 1429 4057">
    <p class='ocr_par' dir='ltr' id='par_1_6' title="bbox 221 2047 1426 3128">
     <span class='ocr_line' id='line_1_14' title="bbox 223 2047 1422 2127; baseline -0.002 -16"><span class='ocrx_word' id='word_1_107' title='bbox 223 2049 491 2126; x_wconf 88' lang='lat' dir='ltr'><strong>considerandis,</strong></span> <span class='ocrx_word' id='word_1_108' title='bbox 518 2048 628 2127; x_wconf 89' lang='lat' dir='ltr'><strong>magis</strong></span> <span class='ocrx_word' id='word_1_109' title='bbox 656 2049 723 2110; x_wconf 91' lang='lat' dir='ltr'><strong>sibi</strong></span> <span class='ocrx_word' id='word_1_110' title='bbox 751 2049 843 2110; x_wconf 89' lang='lat' dir='ltr'><strong>videt</strong></span> <span class='ocrx_word' id='word_1_111' title='bbox 872 2053 1146 2110; x_wconf 90' lang='lat' dir='ltr'><strong>consentaneum.</strong></span> <span class='ocrx_word' id='word_1_112' title='bbox 1197 2047 1264 2126; x_wconf 90' lang='grc'><strong>111,</strong></span> <span class='ocrx_word' id='word_1_113' title='bbox 1293 2049 1352 2127; x_wconf 93' lang='lat' dir='ltr'><strong>qui</strong></span> <span class='ocrx_word' id='word_1_114' title='bbox 1381 2065 1422 2110; x_wconf 88' lang='lat' dir='ltr'><strong>ex</strong></span> 
     </span>
     <span class='ocr_line' id='line_1_15' title="bbox 222 2149 1423 2229; baseline 0 -18"><span class='ocrx_word' id='word_1_115' title='bbox 222 2150 442 2213; x_wconf 89' lang='lat' dir='ltr'><strong>incunabulis</strong></span> <span class='ocrx_word' id='word_1_116' title='bbox 454 2151 526 2212; x_wconf 83' lang='lat' dir='ltr'><strong>iere</strong></span> <span class='ocrx_word' id='word_1_117' title='bbox 537 2149 795 2211; x_wconf 87' lang='lat' dir='ltr'><strong>inclinationem</strong></span> <span class='ocrx_word' id='word_1_118' title='bbox 808 2153 1061 2212; x_wconf 82' lang='grc'><strong>111111111111</strong></span> <span class='ocrx_word' id='word_1_119' title='bbox 1074 2149 1210 2212; x_wconf 87' lang='lat' dir='ltr'><strong>divinas</strong></span> <span class='ocrx_word' id='word_1_120' title='bbox 1223 2150 1423 2229; x_wconf 84' lang='lat' dir='ltr'><strong>meditandi,</strong></span> 
     </span>
     <span class='ocr_line' id='line_1_16' title="bbox 221 2251 1423 2331; baseline 0.002 -19"><span class='ocrx_word' id='word_1_121' title='bbox 221 2252 283 2314; x_wconf 91' lang='lat' dir='ltr'><strong>ille</strong></span> <span class='ocrx_word' id='word_1_122' title='bbox 304 2255 396 2315; x_wconf 88' lang='lat' dir='ltr'><strong>certe</strong></span> <span class='ocrx_word' id='word_1_123' title='bbox 416 2251 561 2331; x_wconf 87' lang='lat' dir='ltr'><strong>suscipit</strong></span> <span class='ocrx_word' id='word_1_124' title='bbox 583 2251 731 2330; x_wconf 90' lang='lat' dir='ltr'><strong>aliquem</strong></span> <span class='ocrx_word' id='word_1_125' title='bbox 752 2269 794 2312; x_wconf 89' lang='lat' dir='ltr'><strong>ex</strong></span> <span class='ocrx_word' id='word_1_126' title='bbox 815 2251 1003 2317; x_wconf 87' lang='lat' dir='ltr'><strong>Ordinibus</strong></span> <span class='ocrx_word' id='word_1_127' title='bbox 1025 2269 1115 2314; x_wconf 89' lang='lat' dir='ltr'><strong>mere</strong></span> <span class='ocrx_word' id='word_1_128' title='bbox 1137 2252 1423 2330; x_wconf 84' lang='lat' dir='ltr'><strong>contemplativis.</strong></span> 
     </span>
     <span class='ocr_line' id='line_1_17' title="bbox 225 2353 1424 2433; baseline -0.002 -17"><span class='ocrx_word' id='word_1_129' title='bbox 225 2354 292 2427; x_wconf 81' lang='lat' dir='ltr'><strong>Oui</strong></span> <span class='ocrx_word' id='word_1_130' title='bbox 313 2371 392 2415; x_wconf 91' lang='lat' dir='ltr'><strong>vero</strong></span> <span class='ocrx_word' id='word_1_131' title='bbox 411 2353 541 2432; x_wconf 84' lang='lat' dir='ltr'><strong>detegit</strong></span> <span class='ocrx_word' id='word_1_132' title='bbox 561 2353 598 2414; x_wconf 92' lang='lat' dir='ltr'><strong>in</strong></span> <span class='ocrx_word' id='word_1_133' title='bbox 619 2371 655 2416; x_wconf 91' lang='lat' dir='ltr'><strong>se</strong></span> <span class='ocrx_word' id='word_1_134' title='bbox 675 2353 783 2415; x_wconf 81' lang='lat' dir='ltr'><strong>uelum</strong></span> <span class='ocrx_word' id='word_1_135' title='bbox 804 2353 1027 2433; x_wconf 88' lang='lat' dir='ltr'><strong>praedicandi</strong></span> <span class='ocrx_word' id='word_1_136' title='bbox 1047 2354 1185 2415; x_wconf 90' lang='lat' dir='ltr'><strong>verbum</strong></span> <span class='ocrx_word' id='word_1_137' title='bbox 1207 2354 1282 2428; x_wconf 82' lang='lat' dir='ltr'><strong>Dei,</strong></span> <span class='ocrx_word' id='word_1_138' title='bbox 1303 2354 1363 2415; x_wconf 88' lang='lat' dir='ltr'><strong>ille</strong></span> <span class='ocrx_word' id='word_1_139' title='bbox 1382 2370 1424 2416; x_wconf 82' lang='lat' dir='ltr'><strong>ex</strong></span> 
     </span>
     <span class='ocr_line' id='line_1_18' title="bbox 224 2453 1424 2533; baseline -0.003 -13"><span class='ocrx_word' id='word_1_140' title='bbox 224 2455 368 2520; x_wconf 86' lang='lat' dir='ltr'><strong>consilio</strong></span> <span class='ocrx_word' id='word_1_141' title='bbox 400 2455 595 2533; x_wconf 87' lang='lat' dir='ltr'><strong>ingreditur</strong></span> <span class='ocrx_word' id='word_1_142' title='bbox 627 2455 789 2517; x_wconf 91' lang='lat' dir='ltr'><strong>Ordinem</strong></span> <span class='ocrx_word' id='word_1_143' title='bbox 823 2456 986 2516; x_wconf 83' lang='lat' dir='ltr'><strong>Fratrum</strong></span> <span class='ocrx_word' id='word_1_144' title='bbox 1020 2453 1312 2517; x_wconf 91' lang='lat' dir='ltr'><strong>Praedicatorum.</strong></span> <span class='ocrx_word' id='word_1_145' title='bbox 1356 2455 1424 2530; x_wconf 81' lang='lat' dir='ltr'><strong>Qui</strong></span> 
     </span>
     <span class='ocr_line' id='line_1_19' title="bbox 225 2545 1424 2636; baseline 0 -17"><span class='ocrx_word' id='word_1_146' title='bbox 225 2557 370 2635; x_wconf 87' lang='lat' dir='ltr'><strong>denique</strong></span> <span class='ocrx_word' id='word_1_147' title='bbox 386 2575 405 2618; x_wconf 92' lang='lat' dir='ltr'><strong>e</strong></span> <span class='ocrx_word' id='word_1_148' title='bbox 423 2561 543 2619; x_wconf 89' lang='lat' dir='ltr'><strong>contra</strong></span> <span class='ocrx_word' id='word_1_149' title='bbox 561 2556 694 2634; x_wconf 91' lang='lat' dir='ltr'><strong>aliquid</strong></span> <span class='ocrx_word' id='word_1_150' title='bbox 712 2556 815 2619; x_wconf 92' lang='lat' dir='ltr'><strong>medii</strong></span> <span class='ocrx_word' id='word_1_151' title='bbox 833 2557 926 2618; x_wconf 92' lang='lat' dir='ltr'><strong>inter</strong></span> <span class='ocrx_word' id='word_1_152' title='bbox 944 2557 1051 2619; x_wconf 91' lang='lat' dir='ltr'><strong>vitam</strong></span> <span class='ocrx_word' id='word_1_153' title='bbox 1070 2545 1370 2636; x_wconf 88' lang='lat' dir='ltr'><strong>contemplativam</strong></span> <span class='ocrx_word' id='word_1_154' title='bbox 1388 2561 1424 2619; x_wconf 92' lang='lat' dir='ltr'><strong>et</strong></span> 
     </span>
     <span class='ocr_line' id='line_1_20' title="bbox 225 2658 1426 2738; baseline 0 -17"><span class='ocrx_word' id='word_1_155' title='bbox 225 2658 372 2721; x_wconf 87' lang='lat' dir='ltr'><strong>activam</strong></span> <span class='ocrx_word' id='word_1_156' title='bbox 404 2658 546 2736; x_wconf 88' lang='lat' dir='ltr'><strong>seligere</strong></span> <span class='ocrx_word' id='word_1_157' title='bbox 576 2659 749 2720; x_wconf 88' lang='lat' dir='ltr'><strong>desiderat</strong></span> <span class='ocrx_word' id='word_1_158' title='bbox 781 2658 903 2736; x_wconf 88' lang='lat' dir='ltr'><strong>cuique</strong></span> <span class='ocrx_word' id='word_1_159' title='bbox 934 2659 1095 2720; x_wconf 87' lang='lat' dir='ltr'><strong>videntur</strong></span> <span class='ocrx_word' id='word_1_160' title='bbox 1126 2659 1296 2738; x_wconf 89' lang='lat' dir='ltr'><strong>applicari</strong></span> <span class='ocrx_word' id='word_1_161' title='bbox 1326 2676 1426 2738; x_wconf 78' lang='lat' dir='ltr'><strong>posse</strong></span> 
     </span>
     <span class='ocr_line' id='line_1_21' title="bbox 225 2759 1425 2842; baseline 0.001 -20"><span class='ocrx_word' id='word_1_162' title='bbox 225 2761 327 2842; x_wconf 88' lang='lat' dir='ltr'><strong>verba</strong></span> <span class='ocrx_word' id='word_1_163' title='bbox 344 2760 463 2822; x_wconf 72' lang='lat' dir='ltr'><strong>lancti</strong></span> <span class='ocrx_word' id='word_1_164' title='bbox 479 2761 742 2822; x_wconf 88' lang='lat' dir='ltr'><strong>Bonaventurae</strong></span> <span class='ocrx_word' id='word_1_165' title='bbox 757 2760 798 2822; x_wconf 93' lang='lat' dir='ltr'><strong>de</strong></span> <span class='ocrx_word' id='word_1_166' title='bbox 815 2759 942 2822; x_wconf 80' lang='lat' dir='ltr'><strong>Sancto</strong></span> <span class='ocrx_word' id='word_1_167' title='bbox 958 2760 1143 2823; x_wconf 78' lang='lat' dir='ltr'><strong>Francisco</strong></span> <span class='ocrx_word' id='word_1_168' title='bbox 1158 2760 1252 2823; x_wconf 87' lang='lat' dir='ltr'><strong>dicta</strong></span> <span class='ocrx_word' id='word_1_169' title='bbox 1268 2761 1287 2794; x_wconf 88' lang='lat'>“</span> <span class='ocrx_word' id='word_1_170' title='bbox 1324 2807 1331 2822; x_wconf 92' lang='lat'>.</span> <span class='ocrx_word' id='word_1_171' title='bbox 1370 2808 1378 2823; x_wconf 93' lang='lat'><strong><em>.</em></strong></span> <span class='ocrx_word' id='word_1_172' title='bbox 1417 2808 1425 2823; x_wconf 91' lang='lat'>.</span> 
     </span>
     <span class='ocr_line' id='line_1_22' title="bbox 226 2861 1425 2940; baseline 0.001 -18"><span class='ocrx_word' id='word_1_173' title='bbox 226 2880 295 2924; x_wconf 92' lang='lat' dir='ltr'><strong>non</strong></span> <span class='ocrx_word' id='word_1_174' title='bbox 313 2862 381 2923; x_wconf 92' lang='lat' dir='ltr'><strong>sibi</strong></span> <span class='ocrx_word' id='word_1_175' title='bbox 401 2862 465 2924; x_wconf 90' lang='grc'><strong>1111</strong></span> <span class='ocrx_word' id='word_1_176' title='bbox 486 2861 606 2940; x_wconf 89' lang='lat' dir='ltr'><strong>vivere,</strong></span> <span class='ocrx_word' id='word_1_177' title='bbox 627 2863 686 2924; x_wconf 88' lang='lat' dir='ltr'><strong>sed</strong></span> <span class='ocrx_word' id='word_1_178' title='bbox 706 2862 786 2924; x_wconf 88' lang='lat' dir='ltr'><strong>aliis</strong></span> <span class='ocrx_word' id='word_1_179' title='bbox 806 2861 969 2940; x_wconf 87' lang='lat' dir='ltr'><strong>proficere</strong></span> <span class='ocrx_word' id='word_1_180' title='bbox 988 2864 1072 2939; x_wconf 89' lang='lat' dir='ltr'><strong>vult,</strong></span> <span class='ocrx_word' id='word_1_181' title='bbox 1093 2862 1157 2924; x_wconf 92' lang='lat' dir='ltr'><strong>Dei</strong></span> <span class='ocrx_word' id='word_1_182' title='bbox 1178 2863 1249 2924; x_wconf 83' lang='lat' dir='ltr'><strong>nelo</strong></span> <span class='ocrx_word' id='word_1_183' title='bbox 1269 2863 1425 2939; x_wconf 83' lang='lat' dir='ltr'><strong>ductus‚”</strong></span> 
     </span>
     <span class='ocr_line' id='line_1_23' title="bbox 226 2963 1425 3042; baseline -0.002 -16"><span class='ocrx_word' id='word_1_184' title='bbox 226 2963 293 3026; x_wconf 90' lang='lat' dir='ltr'><strong>iste</strong></span> <span class='ocrx_word' id='word_1_185' title='bbox 311 2968 406 3026; x_wconf 90' lang='lat' dir='ltr'><strong>certa</strong></span> <span class='ocrx_word' id='word_1_186' title='bbox 424 2964 526 3026; x_wconf 91' lang='lat' dir='ltr'><strong>habet</strong></span> <span class='ocrx_word' id='word_1_187' title='bbox 544 2967 746 3040; x_wconf 87' lang='lat' dir='ltr'><strong>argumenta</strong></span> <span class='ocrx_word' id='word_1_188' title='bbox 764 2963 943 3042; x_wconf 88' lang='lat' dir='ltr'><strong>judicandi</strong></span> <span class='ocrx_word' id='word_1_189' title='bbox 962 2981 999 3026; x_wconf 91' lang='grc'><strong>11</strong></span> <span class='ocrx_word' id='word_1_190' title='bbox 1017 2964 1062 3026; x_wconf 92' lang='lat' dir='ltr'><strong>ad</strong></span> <span class='ocrx_word' id='word_1_191' title='bbox 1079 2963 1242 3026; x_wconf 89' lang='lat' dir='ltr'><strong>Ordinem</strong></span> <span class='ocrx_word' id='word_1_192' title='bbox 1262 2965 1425 3026; x_wconf 81' lang='lat' dir='ltr'><strong>Fratrum</strong></span> 
     </span>
     <span class='ocr_line' id='line_1_24' title="bbox 227 3065 668 3128; baseline 0.002 -3"><span class='ocrx_word' id='word_1_193' title='bbox 227 3065 398 3126; x_wconf 88' lang='lat' dir='ltr'><strong>Minorum</strong></span> <span class='ocrx_word' id='word_1_194' title='bbox 413 3082 486 3128; x_wconf 90' lang='lat' dir='ltr'><strong>esse</strong></span> <span class='ocrx_word' id='word_1_195' title='bbox 502 3067 668 3126; x_wconf 87' lang='lat' dir='ltr'><strong>vocatum.</strong></span> 
     </span>
    </p>

    <p class='ocr_par' dir='ltr' id='par_1_7' title="bbox 227 3166 1428 3853">
     <span class='ocr_line' id='line_1_25' title="bbox 269 3166 1426 3246; baseline 0.002 -20"><span class='ocrx_word' id='word_1_196' title='bbox 269 3167 618 3229; x_wconf 85' lang='lat' dir='ltr'><strong>Animadvertendum</strong></span> <span class='ocrx_word' id='word_1_197' title='bbox 639 3169 692 3228; x_wconf 91' lang='lat' dir='ltr'><strong>est</strong></span> <span class='ocrx_word' id='word_1_198' title='bbox 712 3169 827 3228; x_wconf 86' lang='lat' dir='ltr'><strong>autem</strong></span> <span class='ocrx_word' id='word_1_199' title='bbox 847 3166 937 3244; x_wconf 87' lang='lat' dir='ltr'><strong>quod</strong></span> <span class='ocrx_word' id='word_1_200' title='bbox 959 3183 1027 3228; x_wconf 91' lang='lat' dir='ltr'><strong>non</strong></span> <span class='ocrx_word' id='word_1_201' title='bbox 1047 3184 1174 3244; x_wconf 90' lang='lat' dir='ltr'><strong>omnes,</strong></span> <span class='ocrx_word' id='word_1_202' title='bbox 1195 3167 1254 3246; x_wconf 90' lang='lat' dir='ltr'><strong>qui</strong></span> <span class='ocrx_word' id='word_1_203' title='bbox 1275 3167 1368 3246; x_wconf 90' lang='lat' dir='ltr'><strong>piam</strong></span> <span class='ocrx_word' id='word_1_204' title='bbox 1388 3167 1426 3228; x_wconf 92' lang='lat' dir='ltr'><strong>in</strong></span> 
     </span>
     <span class='ocr_line' id='line_1_26' title="bbox 228 3266 1426 3348; baseline 0 -18"><span class='ocrx_word' id='word_1_205' title='bbox 228 3266 367 3330; x_wconf 74' lang='lat' dir='ltr'><strong>Christo</strong></span> <span class='ocrx_word' id='word_1_206' title='bbox 391 3267 516 3330; x_wconf 88' lang='lat' dir='ltr'><strong>vellent</strong></span> <span class='ocrx_word' id='word_1_207' title='bbox 540 3269 662 3329; x_wconf 88' lang='lat' dir='ltr'><strong>ducere</strong></span> <span class='ocrx_word' id='word_1_208' title='bbox 687 3268 804 3345; x_wconf 89' lang='lat' dir='ltr'><strong>vitam,</strong></span> <span class='ocrx_word' id='word_1_209' title='bbox 829 3271 974 3345; x_wconf 90' lang='lat' dir='ltr'><strong>possunt</strong></span> <span class='ocrx_word' id='word_1_210' title='bbox 999 3267 1147 3346; x_wconf 89' lang='lat' dir='ltr'><strong>aliquem</strong></span> <span class='ocrx_word' id='word_1_211' title='bbox 1172 3286 1213 3331; x_wconf 88' lang='lat' dir='ltr'><strong>ex</strong></span> <span class='ocrx_word' id='word_1_212' title='bbox 1239 3269 1426 3348; x_wconf 84' lang='lat' dir='ltr'><strong>praedictis</strong></span> 
     </span>
     <span class='ocr_line' id='line_1_27' title="bbox 227 3369 1425 3447; baseline 0.002 -17"><span class='ocrx_word' id='word_1_213' title='bbox 227 3369 415 3432; x_wconf 85' lang='lat' dir='ltr'><strong>Ordinibus</strong></span> <span class='ocrx_word' id='word_1_214' title='bbox 432 3369 576 3447; x_wconf 87' lang='lat' dir='ltr'><strong>ingredi.</strong></span> <span class='ocrx_word' id='word_1_215' title='bbox 615 3371 684 3430; x_wconf 89' lang='lat' dir='ltr'><strong>Pro</strong></span> <span class='ocrx_word' id='word_1_216' title='bbox 702 3369 877 3430; x_wconf 92' lang='lat' dir='ltr'><strong>nonnullis</strong></span> <span class='ocrx_word' id='word_1_217' title='bbox 895 3370 986 3431; x_wconf 91' lang='lat' dir='ltr'><strong>enim</strong></span> <span class='ocrx_word' id='word_1_218' title='bbox 1004 3369 1077 3431; x_wconf 92' lang='lat' dir='ltr'><strong>vita</strong></span> <span class='ocrx_word' id='word_1_219' title='bbox 1093 3370 1239 3433; x_wconf 88' lang='lat' dir='ltr'><strong>istorum</strong></span> <span class='ocrx_word' id='word_1_220' title='bbox 1258 3371 1425 3432; x_wconf 91' lang='lat' dir='ltr'><strong>Ordinum</strong></span> 
     </span>
     <span class='ocr_line' id='line_1_28' title="bbox 227 3463 1426 3551; baseline 0.002 -19"><span class='ocrx_word' id='word_1_221' title='bbox 227 3474 280 3532; x_wconf 91' lang='lat' dir='ltr'><strong>est</strong></span> <span class='ocrx_word' id='word_1_222' title='bbox 299 3470 403 3532; x_wconf 91' lang='lat' dir='ltr'><strong>nimis</strong></span> <span class='ocrx_word' id='word_1_223' title='bbox 421 3471 509 3532; x_wconf 91' lang='lat' dir='ltr'><strong>dura</strong></span> <span class='ocrx_word' id='word_1_224' title='bbox 528 3471 709 3548; x_wconf 86' lang='lat' dir='ltr'><strong>deficitque</strong></span> <span class='ocrx_word' id='word_1_225' title='bbox 727 3470 777 3531; x_wconf 91' lang='lat' dir='ltr'><strong>eis</strong></span> <span class='ocrx_word' id='word_1_226' title='bbox 797 3463 932 3532; x_wconf 77' lang='lat' dir='ltr'><strong>animus</strong></span> <span class='ocrx_word' id='word_1_227' title='bbox 951 3471 1131 3532; x_wconf 91' lang='lat' dir='ltr'><strong>emittendi</strong></span> <span class='ocrx_word' id='word_1_228' title='bbox 1151 3476 1231 3534; x_wconf 88' lang='lat' dir='ltr'><strong>vota</strong></span> <span class='ocrx_word' id='word_1_229' title='bbox 1250 3476 1426 3551; x_wconf 88' lang='lat' dir='ltr'><strong>perpetua.</strong></span> 
     </span>
     <span class='ocr_line' id='line_1_29' title="bbox 228 3571 1426 3650; baseline 0.003 -17"><span class='ocrx_word' id='word_1_230' title='bbox 228 3572 318 3645; x_wconf 81' lang='lat' dir='ltr'><strong>Ouid</strong></span> <span class='ocrx_word' id='word_1_231' title='bbox 335 3588 415 3649; x_wconf 90' lang='lat' dir='ltr'><strong>ergo</strong></span> <span class='ocrx_word' id='word_1_232' title='bbox 432 3571 515 3633; x_wconf 84' lang='lat' dir='ltr'><strong>iecit</strong></span> <span class='ocrx_word' id='word_1_233' title='bbox 532 3572 590 3650; x_wconf 90' lang='lat' dir='ltr'><strong>pia</strong></span> <span class='ocrx_word' id='word_1_234' title='bbox 608 3573 720 3633; x_wconf 90' lang='lat' dir='ltr'><strong>Mater</strong></span> <span class='ocrx_word' id='word_1_235' title='bbox 737 3571 916 3634; x_wconf 78' lang='lat' dir='ltr'><strong>Ecclesia?</strong></span> <span class='ocrx_word' id='word_1_236' title='bbox 953 3572 1142 3634; x_wconf 87' lang='lat' dir='ltr'><strong>Licentiam</strong></span> <span class='ocrx_word' id='word_1_237' title='bbox 1161 3573 1258 3635; x_wconf 87' lang='lat' dir='ltr'><strong>dedit</strong></span> <span class='ocrx_word' id='word_1_238' title='bbox 1273 3574 1426 3650; x_wconf 89' lang='lat' dir='ltr'><strong>erigendi</strong></span> 
     </span>
     <span class='ocr_line' id='line_1_30' title="bbox 227 3671 1427 3754; baseline 0.001 -19"><span class='ocrx_word' id='word_1_239' title='bbox 227 3674 497 3752; x_wconf 84' lang='lat' dir='ltr'><strong>approbavitque</strong></span> <span class='ocrx_word' id='word_1_240' title='bbox 530 3672 644 3734; x_wconf 90' lang='lat' dir='ltr'><strong>varias</strong></span> <span class='ocrx_word' id='word_1_241' title='bbox 678 3671 966 3750; x_wconf 86' lang='lat' dir='ltr'><strong>Oongregationes</strong></span> <span class='ocrx_word' id='word_1_242' title='bbox 999 3673 1188 3752; x_wconf 88' lang='lat' dir='ltr'><strong>religiosas,</strong></span> <span class='ocrx_word' id='word_1_243' title='bbox 1222 3675 1259 3735; x_wconf 93' lang='lat' dir='ltr'><strong>in</strong></span> <span class='ocrx_word' id='word_1_244' title='bbox 1292 3675 1427 3754; x_wconf 89' lang='lat' dir='ltr'><strong>quibus,</strong></span> 
     </span>
     <span class='ocr_line' id='line_1_31' title="bbox 227 3774 1428 3853; baseline -0.001 -15"><span class='ocrx_word' id='word_1_245' title='bbox 227 3775 364 3838; x_wconf 87' lang='lat' dir='ltr'><strong>etiamsi</strong></span> <span class='ocrx_word' id='word_1_246' title='bbox 386 3775 459 3836; x_wconf 87' lang='lat' dir='ltr'><strong>vita</strong></span> <span class='ocrx_word' id='word_1_247' title='bbox 480 3774 678 3836; x_wconf 88' lang='lat' dir='ltr'><strong>observetur</strong></span> <span class='ocrx_word' id='word_1_248' title='bbox 700 3774 897 3851; x_wconf 84' lang='lat' dir='ltr'><strong>communis,</strong></span> <span class='ocrx_word' id='word_1_249' title='bbox 920 3778 1000 3837; x_wconf 91' lang='lat' dir='ltr'><strong>vota</strong></span> <span class='ocrx_word' id='word_1_250' title='bbox 1022 3779 1137 3837; x_wconf 88' lang='lat' dir='ltr'><strong>tamen</strong></span> <span class='ocrx_word' id='word_1_251' title='bbox 1160 3794 1247 3853; x_wconf 89' lang='lat' dir='ltr'><strong>quae</strong></span> <span class='ocrx_word' id='word_1_252' title='bbox 1268 3777 1428 3839; x_wconf 91' lang='lat' dir='ltr'><strong>emittun-</strong></span> 
     </span>
    </p>

    <p class='ocr_par' dir='ltr' id='par_1_8' title="bbox 210 3876 1429 4057">
     <span class='ocr_line' id='line_1_32' title="bbox 210 3876 1428 3954; baseline 0.001 -16"><span class='ocrx_word' id='word_1_253' title='bbox 210 3881 288 3939; x_wconf 59' lang='lat' dir='ltr'><strong>&#39;tur</strong></span> <span class='ocrx_word' id='word_1_254' title='bbox 312 3881 394 3938; x_wconf 87' lang='lat' dir='ltr'><strong>sunt</strong></span> <span class='ocrx_word' id='word_1_255' title='bbox 418 3876 589 3954; x_wconf 92' lang='lat' dir='ltr'><strong>simplicia</strong></span> <span class='ocrx_word' id='word_1_256' title='bbox 613 3879 648 3938; x_wconf 90' lang='lat' dir='ltr'><strong>et</strong></span> <span class='ocrx_word' id='word_1_257' title='bbox 672 3880 902 3954; x_wconf 87' lang='lat' dir='ltr'><strong>temporanea.</strong></span> <span class='ocrx_word' id='word_1_258' title='bbox 947 3876 1014 3939; x_wconf 80' lang='lat' dir='ltr'><strong>Sed</strong></span> <span class='ocrx_word' id='word_1_259' title='bbox 1039 3895 1146 3954; x_wconf 90' lang='lat' dir='ltr'><strong>neque</strong></span> <span class='ocrx_word' id='word_1_260' title='bbox 1170 3878 1233 3938; x_wconf 94' lang='lat' dir='ltr'><strong>boc</strong></span> <span class='ocrx_word' id='word_1_261' title='bbox 1258 3878 1428 3940; x_wconf 84' lang='lat' dir='ltr'><strong>sufficiens</strong></span> 
     </span>
     <span class='ocr_line' id='line_1_33' title="bbox 229 3975 1429 4057; baseline 0.003 -18"><span class='ocrx_word' id='word_1_262' title='bbox 229 3978 338 4039; x_wconf 91' lang='lat' dir='ltr'><strong>visum</strong></span> <span class='ocrx_word' id='word_1_263' title='bbox 367 3982 420 4040; x_wconf 91' lang='lat' dir='ltr'><strong>est</strong></span> <span class='ocrx_word' id='word_1_264' title='bbox 449 3977 597 4039; x_wconf 89' lang='lat' dir='ltr'><strong>medium</strong></span> <span class='ocrx_word' id='word_1_265' title='bbox 625 3993 688 4057; x_wconf 92' lang='lat' dir='ltr'><strong>pro</strong></span> <span class='ocrx_word' id='word_1_266' title='bbox 716 3975 882 4056; x_wconf 88' lang='lat' dir='ltr'><strong>omnibus,</strong></span> <span class='ocrx_word' id='word_1_267' title='bbox 911 3978 970 4055; x_wconf 94' lang='lat' dir='ltr'><strong>qui</strong></span> <span class='ocrx_word' id='word_1_268' title='bbox 1000 3978 1055 4054; x_wconf 90' lang='lat' dir='ltr'><strong>pie</strong></span> <span class='ocrx_word' id='word_1_269' title='bbox 1083 3979 1120 4039; x_wconf 92' lang='lat' dir='ltr'><strong>in</strong></span> <span class='ocrx_word' id='word_1_270' title='bbox 1150 3978 1288 4042; x_wconf 79' lang='grc'><strong>01111111</strong></span> <span class='ocrx_word' id='word_1_271' title='bbox 1317 3980 1429 4042; x_wconf 88' lang='lat' dir='ltr'><strong>vivere</strong></span> 
     </span>
    </p>
   </div>
   <div class='ocr_carea' id='block_1_7' title="bbox 229 4078 1546 4158">
    <p class='ocr_par' dir='ltr' id='par_1_9' title="bbox 229 4078 1546 4158">
     <span class='ocr_line' id='line_1_34' title="bbox 229 4078 1546 4158; baseline 0.003 -17"><span class='ocrx_word' id='word_1_272' title='bbox 229 4079 474 4142; x_wconf 87' lang='lat' dir='ltr'><strong>desiderarent.</strong></span> <span class='ocrx_word' id='word_1_273' title='bbox 488 4113 489 4117; x_wconf 63' lang='lat'><em>=</em></span> <span class='ocrx_word' id='word_1_274' title='bbox 509 4078 677 4140; x_wconf 87' lang='lat' dir='ltr'><strong>Permulti</strong></span> <span class='ocrx_word' id='word_1_275' title='bbox 690 4079 780 4141; x_wconf 88' lang='lat' dir='ltr'><strong>enim</strong></span> <span class='ocrx_word' id='word_1_276' title='bbox 794 4083 894 4142; x_wconf 92' lang='lat' dir='ltr'><strong>erant</strong></span> <span class='ocrx_word' id='word_1_277' title='bbox 907 4083 942 4141; x_wconf 90' lang='lat' dir='ltr'><strong>et</strong></span> <span class='ocrx_word' id='word_1_278' title='bbox 956 4084 1038 4141; x_wconf 89' lang='lat' dir='ltr'><strong>sunt</strong></span> <span class='ocrx_word' id='word_1_279' title='bbox 1051 4080 1278 4158; x_wconf 85' lang='lat' dir='ltr'><strong>quiquamvis</strong></span> <span class='ocrx_word' id='word_1_280' title='bbox 1292 4082 1428 4158; x_wconf 89' lang='lat' dir='ltr'><strong>vellent,</strong></span> <span class='ocrx_word' id='word_1_281' title='bbox 1545 4097 1546 4104; x_wconf 53' lang='lat'>¹</span> 
     </span>
    </p>
   </div>
   <div class='ocr_carea' id='block_1_8' title="bbox 229 4180 1429 4564">
    <p class='ocr_par' dir='ltr' id='par_1_10' title="bbox 229 4180 1429 4564">
     <span class='ocr_line' id='line_1_35' title="bbox 229 4180 1429 4261; baseline 0.003 -19"><span class='ocrx_word' id='word_1_282' title='bbox 229 4185 402 4258; x_wconf 87' lang='lat' dir='ltr'><strong>nequeunt</strong></span> <span class='ocrx_word' id='word_1_283' title='bbox 430 4180 564 4258; x_wconf 87' lang='lat' dir='ltr'><strong>ingredi</strong></span> <span class='ocrx_word' id='word_1_284' title='bbox 593 4197 700 4258; x_wconf 89' lang='lat' dir='ltr'><strong>neque</strong></span> <span class='ocrx_word' id='word_1_285' title='bbox 727 4181 874 4258; x_wconf 92' lang='lat' dir='ltr'><strong>aliquem</strong></span> <span class='ocrx_word' id='word_1_286' title='bbox 904 4180 1066 4242; x_wconf 90' lang='lat' dir='ltr'><strong>Ordinem</strong></span> <span class='ocrx_word' id='word_1_287' title='bbox 1096 4182 1292 4259; x_wconf 85' lang='lat' dir='ltr'><strong>religiosum</strong></span> <span class='ocrx_word' id='word_1_288' title='bbox 1321 4199 1429 4261; x_wconf 88' lang='lat' dir='ltr'><strong>neque</strong></span> 
     </span>
     <span class='ocr_line' id='line_1_36' title="bbox 229 4281 1428 4360; baseline 0.001 -16"><span class='ocrx_word' id='word_1_289' title='bbox 229 4283 336 4345; x_wconf 89' lang='lat' dir='ltr'><strong>ullam</strong></span> <span class='ocrx_word' id='word_1_290' title='bbox 356 4282 660 4360; x_wconf 73' lang='lat' dir='ltr'><strong>congregationem</strong></span> <span class='ocrx_word' id='word_1_291' title='bbox 679 4281 884 4360; x_wconf 86' lang='lat' dir='ltr'><strong>religiosam,</strong></span> <span class='ocrx_word' id='word_1_292' title='bbox 903 4300 1006 4358; x_wconf 92' lang='lat' dir='ltr'><strong>quum</strong></span> <span class='ocrx_word' id='word_1_293' title='bbox 1025 4283 1068 4344; x_wconf 90' lang='lat' dir='ltr'><strong>ab</strong></span> <span class='ocrx_word' id='word_1_294' title='bbox 1087 4283 1149 4344; x_wconf 90' lang='lat' dir='ltr'><strong>hoc</strong></span> <span class='ocrx_word' id='word_1_295' title='bbox 1168 4284 1314 4346; x_wconf 90' lang='lat' dir='ltr'><strong>vinculis</strong></span> <span class='ocrx_word' id='word_1_296' title='bbox 1332 4285 1428 4346; x_wconf 84' lang='lat' dir='ltr'><strong>iami-</strong></span> 
     </span>
     <span class='ocr_line' id='line_1_37' title="bbox 229 4383 1429 4462; baseline 0.003 -16"><span class='ocrx_word' id='word_1_297' title='bbox 229 4384 299 4446; x_wconf 84' lang='lat' dir='ltr'><strong>liae</strong></span> <span class='ocrx_word' id='word_1_298' title='bbox 328 4384 474 4462; x_wconf 88' lang='lat' dir='ltr'><strong>aliisque</strong></span> <span class='ocrx_word' id='word_1_299' title='bbox 504 4383 771 4461; x_wconf 76' lang='lat' dir='ltr'><strong>obligationibus</strong></span> <span class='ocrx_word' id='word_1_300' title='bbox 801 4383 958 4461; x_wconf 89' lang='lat' dir='ltr'><strong>impediti</strong></span> <span class='ocrx_word' id='word_1_301' title='bbox 990 4383 1071 4446; x_wconf 92' lang='lat' dir='ltr'><strong>sint.</strong></span> <span class='ocrx_word' id='word_1_302' title='bbox 1123 4385 1429 4449; x_wconf 85' lang='lat' dir='ltr'><strong>Providentialiter</strong></span> 
     </span>
     <span class='ocr_line' id='line_1_38' title="bbox 230 4484 1429 4564; baseline -0.001 -15"><span class='ocrx_word' id='word_1_303' title='bbox 230 4489 345 4549; x_wconf 87' lang='lat' dir='ltr'><strong>autem</strong></span> <span class='ocrx_word' id='word_1_304' title='bbox 364 4486 469 4548; x_wconf 89' lang='lat' dir='ltr'><strong>etiam</strong></span> <span class='ocrx_word' id='word_1_305' title='bbox 490 4501 552 4564; x_wconf 90' lang='lat' dir='ltr'><strong>pro</strong></span> <span class='ocrx_word' id='word_1_306' title='bbox 572 4485 616 4546; x_wconf 90' lang='lat' dir='ltr'><strong>iis</strong></span> <span class='ocrx_word' id='word_1_307' title='bbox 635 4485 734 4547; x_wconf 88' lang='lat' dir='ltr'><strong>adest</strong></span> <span class='ocrx_word' id='word_1_308' title='bbox 753 4484 900 4546; x_wconf 91' lang='lat' dir='ltr'><strong>medium</strong></span> <span class='ocrx_word' id='word_1_309' title='bbox 920 4485 1160 4547; x_wconf 82' lang='lat' dir='ltr'><strong>ferventiorem</strong></span> <span class='ocrx_word' id='word_1_310' title='bbox 1180 4487 1303 4549; x_wconf 89' lang='lat' dir='ltr'><strong>ducere</strong></span> <span class='ocrx_word' id='word_1_311' title='bbox 1322 4487 1429 4550; x_wconf 90' lang='lat' dir='ltr'><strong>vitam</strong></span> 
     </span>
    </p>
   </div>
   <div class='ocr_carea' id='block_1_9' title="bbox 1380 4622 1397 4671">
    <p class='ocr_par' dir='ltr' id='par_1_11' title="bbox 1380 4622 1397 4671">
     <span class='ocr_line' id='line_1_39' title="bbox 1380 4622 1397 4671; baseline 0 0"><span class='ocrx_word' id='word_1_312' title='bbox 1380 4622 1397 4671; x_wconf 73' lang='grc' dir='ltr'><strong><em>Ἰ</em></strong></span> 
     </span>
    </p>
   </div>
   <div class='ocr_carea' id='block_1_10' title="bbox 0 0 1687 5170">
    <p class='ocr_par' dir='ltr' id='par_1_12' title="bbox 0 0 1687 5170">
     <span class='ocr_line' id='line_1_40' title="bbox 0 0 1687 5170; baseline 0 0"><span class='ocrx_word' id='word_1_313' title='bbox 0 0 1687 5170; x_wconf 95' lang='lat' dir='ltr'><strong> </strong></span> 
     </span>
    </p>
   </div>
  </div>
 </body>
</html>
