3340 5170
505 428 555 484 De
575 424 913 499 Oousroterottutibua
929 423 1172 484 Ecclesiasttols
1189 511 1192 522 ι
1411 418 1449 478 37

240 622 353 684 batur
377 621 523 700 functio,
549 639 591 684 ex
617 641 684 702 qua
711 623 847 702 quidem
874 624 993 686 uberes
1019 623 1156 686 fructus
1184 621 1383 704 spirituales
1411 621 1448 682 in

249 724 406 788 deuotum
424 725 587 803 populum
605 725 854 788 redundabant.

292 825 544 889 Sodalitatibus
562 825 714 904 ejusdem
733 827 891 890 instituti
910 826 1008 888 valde
1027 825 1186 904 deinceps
1205 825 1448 904 multiplicatis

248 928 285 988 in
303 928 382 990 aliis
401 928 610 1008 civitatibus,
627 929 665 990 in
682 929 767 990 locis
786 927 998 1007 praesertim,
1017 927 1077 990 nbi
1095 929 1216 990 domus
1234 930 1269 990 et
1286 926 1448 988 ecclesiae

250 1029 433 1092 Societatis
482 1031 567 1092 Jesu
616 1030 885 1108 reperiebantur,
934 1029 1141 1092 Benedictus
1191 1029 1295 1105 XIII,
1343 1028 1447 1089 Bulla

248 1131 506 1211 “Redemptoris
525 1132 677 1210 Nostr1’',
697 1133 715 1192 1
737 1132 895 1194 Octobris
916 1132 1008 1209 1729,
1028 1131 1121 1209 piam
1142 1129 1446 1216 Congregationem

219 1243 222 1246 '
248 1234 436 1296 Romanam
467 1235 505 1294 in
538 1234 965 1295 Archiconfraternitatem
996 1250 1057 1294 seu
1087 1232 1130 1300 in,
1156 1231 1363 1294 Primariam
1394 1230 1447 1292 vel

248 1335 442 1398 Centralem
467 1335 771 1413 Congregationem
795 1335 906 1397 evexit
929 1338 964 1397 et
987 1333 1213 1412 indulgentiis
1237 1318 1381 1410 ditavit3
1407 1349 1447 1394 ac

247 1438 389 1516 insuper
424 1437 664 1517 Praepositum
703 1437 902 1498 Generalem
940 1437 993 1498 vel
1029 1435 1206 1498 Vicarium
1247 1435 1446 1497 Generalem

248 1541 411 1602 laudatae
438 1539 620 1602 Societatis
646 1541 731 1600 lesu
757 1556 951 1616 supremum
979 1538 1091 1600 dictae
1117 1535 1447 1598 Archiconfraterni·

248 1643 333 1704 tatis
367 1643 616 1704 Moderatorem
647 1641 840 1717 constituit,
873 1642 1001 1702 collata
1033 1641 1173 1702 interim
1204 1641 1312 1702 eidem
1346 1642 1447 1717 plena

247 1747 419 1823 potestate
448 1743 536 1806 alias
567 1743 696 1805 similes
727 1743 1015 1820 Oongregationes
1046 1741 1083 1802 in
1114 1740 1264 1821 propriis
1295 1741 1446 1804 ecclesiis

249 1847 410 1926 erigendi,
449 1845 639 1908 Primariae
676 1847 848 1907 Romanae
886 1845 1103 1922 aggregandi,
1141 1849 1177 1907 et
1215 1843 1447 1922 indulgentias

247 1948 439 2009 Primariae
457 1964 634 2010 concessas
652 1947 759 2009 eidem
780 1947 1062 2010 communicandi.

288 2049 372 2111 Pius
392 2050 463 2111 VII
483 2067 544 2127 per
561 2049 764 2128 rescriptum
787 2049 890 2110 Sacre
910 2047 1193 2127 congregationis
1214 2048 1446 2126 Indulgentia-

248 2168 324 2212 rum
350 2151 419 2212 diei
445 2152 465 2212 6
492 2151 672 2212 Februarii
701 2151 810 2212 1821³⁸
838 2150 1032 2228 praedictos
1059 2150 1193 2212 favores
1221 2149 1446 2226 confirmavit,

247 2257 282 2316 et
300 2253 368 2315 Leo
387 2253 471 2330 XII,
491 2252 659 2332 rescripto
678 2254 720 2315 de
739 2252 794 2315 die
813 2253 856 2314 22
874 2253 1038 2315 Ianuarii
1058 2253 1151 2331 1827,
1172 2253 1330 2331 praefato
1348 2255 1447 2315 Prae·

249 2355 360 2434 posito
401 2355 560 2418 Generali
600 2355 724 2417 tribuit
763 2354 965 2418 facultatem
1005 2354 1210 2418 instituendi
1250 2355 1446 2433 hujusmodl

249 2456 458 2519 sodalitates
479 2456 582 2519 etiam
604 2457 641 2517 in
662 2457 823 2535 ecclesiis,
844 2475 931 2536 quae
952 2475 1020 2518 non
1040 2458 1216 2536 pertinent
1236 2459 1281 2521 ad
1301 2456 1447 2520 Societa-

247 2563 314 2620 tem
337 2561 432 2642 desu‚
454 2577 577 2636 easque
596 2560 788 2620 Priuturr'oe
810 2559 1019 2637 aggregandi
1042 2577 1118 2621 cum
1141 2559 1447 2621 communicatione

247 2660 502 2738 priuilegiorum
524 2678 564 2722 ac
585 2660 889 2737 indulgentiarum.

288 2764 472 2824 Praeterea
491 2762 779 2840 Gongregationes
798 2763 914 2824 Bonae
934 2763 1057 2824 Mortis
1076 2763 1114 2823 in
1132 2763 1286 2841 qualibet
1304 2762 1447 2825 ecclesia

246 2881 309 2942 pro
333 2864 490 2926 omnibus
513 2864 694 2942 utriusque
718 2882 818 2925 sexus
844 2864 1001 2926 fidelibus
1024 2864 1166 2926 institui
1191 2868 1345 2943 possunt.
1392 2864 1447 2925 Ad

238 2967 499 3044 ¹observantiam
519 2965 605 3043 legis
626 2966 813 3027 dtetuotioe
832 2970 868 3027 et
887 2966 1056 3048 formulae
1075 2965 1258 3027 erectionis
1278 2971 1313 3028 et
1333 2982 1446 3042 aggre-

237 3055 397 3146 gationis
423 3085 484 3146 per
510 3055 799 3130 constitutionem
827 3067 1012 3130 Clementis
1037 3067 1130 3130 VIII
1158 3068 1446 3147 “Quaecumque”,

248 3188 315 3230 non
334 3171 482 3248 amplius
500 3172 662 3231 tenentur
679 3174 756 3248 post
775 3169 956 3246 Rescripta
975 3170 1008 3231 S.
1029 3169 1312 3248 Congregationis
1332 3169 1446 3232 Indul·
1491 3214 1492 3218 ,

248 3272 440 3349 gentiarum
463 3272 529 3333 d.d.
552 3273 591 3333 16
616 3271 823 3349 Septembris
846 3273 928 3333 1882
949 3275 983 3334 et
1005 3273 1043 3332 21
1068 3273 1188 3334 Martii
1212 3273 1303 3350 1885,
1323 3273 1446 3352 quibus

247 3374 314 3436 ΡΡ.
330 3373 398 3435 Leo
415 3375 509 3434 XIII
526 3375 568 3436 ab
584 3391 623 3435 ea
641 3374 858 3438 observantia
875 3375 987 3436 dictas
1005 3375 1294 3453 congregationes
1312 3376 1446 3438 exemit.

247 3477 296 3538 Ac
312 3475 455 3553 insuper
470 3475 650 3553 Rescripto
666 3475 733 3537 diei
750 3475 790 3537 23
808 3477 831 3537 J
833 3474 907 3537 unii
926 3477 1007 3537 1885
1024 3477 1112 3538 idem
1131 3477 1293 3539 Pontifex
1310 3477 1446 3540 sanavit

246 3594 361 3639 omnes
387 3578 541 3639 defectus
566 3580 600 3639 et
626 3577 912 3654 irregularitates,
938 3578 968 3638 si
994 3596 1081 3655 quae
1106 3579 1287 3640 extiterint
1313 3579 1446 3642 sivein

246 3679 474 3757 erectionibus
490 3683 524 3741 et
540 3679 840 3756 aggregationibus
858 3679 1100 3756 Sodalitatum,
1117 3680 1187 3742 sive
1202 3680 1239 3742 in
1254 3681 1446 3758 receptione

247 3780 408 3843 fidelium.
1170 3805 1172 3810 ·

288 3882 491 3945 Praedictae
506 3881 794 3960 Congregationes
810 3883 926 3944 Bonae
942 3883 1065 3943 Mortis
1080 3883 1166 3960 erIgi
1182 3887 1326 3961 possunt
1341 3883 1444 3944 etiam

246 3985 289 4047 ab
318 3985 498 4062 Episcopo,
527 3985 586 4046 sed
613 3988 654 4045 ut
681 3983 907 4061 Indulgentiis
937 3985 1120 4062 gaudeant,
1150 4001 1284 4046 necesse
1313 3989 1376 4061 est,
1406 3989 1446 4046 ut

246 4087 438 4148 Primo-ride
483 4087 655 4147 Romanoa
699 4089 927 4162 aggregentur
972 4104 992 4146 a
1037 4085 1242 4163 Praeposito
1286 4085 1445 4148 Generali

248 4187 431 4250 SocietatIs
452 4188 546 4250 Jesu.
559 4187 586 4222 ⁸⁴

296 4292 345 4367 (c)
373 4289 557 4374 Excipitur
579 4307 599 4351 a
622 4289 695 4365 lege
718 4288 906 4349 distantiae
931 4287 1105 4350 Sodalitas
1128 4289 1257 4351 B.M.V.
1284 4290 1446 4351 Immacu-

283 4472 442 4531 ”Rescrlp
461 4473 546 4521 Num.
583 4471 643 4521 338,

281 4540 453 4601 “Rescrlpt
491 4539 524 4591 17
541 4537 723 4599 Septembris
739 4537 816 4589 1887.
928 4545 929 4549 ’
