3340 5170
252 389 289 446 28
508 385 558 441 De
577 377 915 454 confraternitatilrns
931 371 1173 434 Ecclesiastivis

290 583 366 656 Art.
384 580 413 641 Ι.
451 581 503 640 De
518 580 606 640 Jnre
625 577 808 640 Ordinorio
825 577 863 637 in
882 575 1217 654 (ionffroternitotnm
1235 574 1412 636 erectione.

299 717 327 777 1.
350 717 435 776 dure
467 713 641 773 ordinario
675 714 718 774 ad
746 706 973 788 ‘Episcopum'
992 715 1125 788 spectat
1157 712 1287 794 erigere
1320 712 1356 775 in
1391 729 1453 774 sua

256 816 401 878 dioecesi
429 815 752 877 confraternitates.
803 813 909 876 Sacra
935 815 1025 876 enim
1054 815 1197 877 Rituum
1226 817 1454 895 Oougregalio

256 919 311 980 die
341 919 361 978 7
391 917 549 980 Octobris
581 917 663 977 1617
692 916 897 979 declaravit:
948 918 1086 978 Nemini
1118 919 1229 996 licere,
1245 911 1454 982 ¹incon-mrito

256 1022 438 1099 Episcopo,
456 1021 494 1080 in
513 1036 577 1081 ono
596 1020 741 1080 dioecesi
759 1019 887 1096 eripere
906 1023 941 1079 et
960 1036 1075 1080 oreore
1095 1022 1136 1081 de
1155 1038 1241 1082 novo
1262 1021 1454 1100 Oonfroter·

257 1125 396 1200 nitotea,
410 1127 444 1184 et
458 1138 576 1184 eornrn
590 1125 726 1182 ototnta
740 1121 952 1200 confirmare,
966 1138 1051 1199 qnae
1067 1123 1182 1182 ornnio
1195 1123 1364 1200 privative
1379 1141 1455 1203 qno-

258 1228 303 1287 od
320 1226 408 1286 alios
426 1227 471 1286 od
487 1224 695 1301 Episcopum
715 1225 851 1283 tontum
868 1223 1044 1300 pertinent
1060 1223 1098 1283 in
1116 1239 1180 1284 ano
1198 1224 1353 1288 dioecesi.

300 1326 530 1404 Excipiendae
545 1327 627 1385 sunt
641 1323 756 1386 tamen
772 1325 957 1386 nonnullae
973 1324 1295 1405 Confraternitates,
1312 1343 1456 1406 quarum

258 1419 384 1514 erectio
401 1420 442 1489 ex
460 1426 639 1505 privilegio
657 1425 855 1503 Apostolico
874 1430 1048 1488 reservata
1065 1431 1118 1488 est
1135 1420 1305 1505 privative
1324 1431 1457 1508 qvibvs·

259 1534 338 1593 dorn
355 1530 541 1592 Ordinibus
555 1529 782 1606 repertoribus,
797 1531 837 1588 ut
852 1527 890 1587 in
905 1527 1053 1589 articulo
1069 1529 1223 1606 sequenti
1239 1530 1400 1592 dicemus.

303 1634 400 1707 Quod
416 1632 542 1694 erectio
559 1630 722 1691 canonica
739 1629 1072 1691 Confraternitatum
1092 1633 1132 1698 fit
1150 1649 1209 1708 per
1226 1613 1457 1710 ordinarium,

260 1738 295 1796 et
321 1751 390 1794 uon
416 1737 468 1794 est
495 1750 581 1811 opus
608 1731 808 1809 Apostolica
835 1731 1102 1810 confirmatione,
1131 1737 1227 1812 patet
1254 1752 1296 1797 ex
1323 1737 1459 1798 decreto

261 1835 460 1898 authentico
480 1836 522 1896 N.
544 1834 614 1896 195.
658 1833 993 1911 Interrogationibus
1013 1835 1103 1896 euim
1126 1834 1251 1898 Sacrae
1273 1836 1459 1915 Congrege-

262 1937 350 2000 tioni
368 1936 551 2016 porrectis:
592 1937 667 1997 “An
685 1935 754 2018 dici
773 1935 882 2014 possit
901 1936 1066 1998 canonica
1083 1937 1209 1998 erectio
1228 1938 1459 2001 Confraterni·

262 2039 358 2116 tatis,
389 2039 496 2100 solius
527 2037 704 2099 Ordinarii
736 2037 945 2099 auctoritate
974 2037 1182 2100 iactat-Et
1213 2057 1258 2101 an
1288 2040 1460 2118 reportari

263 2143 383 2203 debeat
405 2140 604 2218 Apostolica
624 2137 1056 2201 confirmatione‘i—Sacra
1078 2139 1304 2218 congregatio
1326 2158 1460 2220 respon·

263 2243 334 2304 dit:
348 2243 404 2304 ·Ad
420 2242 542 2320 prium,
557 2241 768 2320 affirmative,
783 2245 818 2304 et
834 2243 877 2304 ad
892 2242 1086 2320 secuudum,
1102 2259 1171 2306 non
1185 2244 1347 2322 indipe're.

304 2344 334 2406 2.
357 2345 434 2406 Non
456 2347 569 2422 potest
591 2348 706 2405 tamen
727 2343 918 2421 Episcopus
940 2345 1080 2422 propria
1103 2347 1311 2409 auctoritate
1332 2348 1462 2426 erigere

264 2446 577 2509 Confraternitates
595 2447 632 2506 in
651 2446 805 2507 Ecclesia
824 2446 1033 2524 Gathedrali,
1051 2448 1317 2525 sedrequiritur
1335 2451 1379 2512 ad
1399 2452 1461 2512 hoc

264 2548 420 2634 Capituli
439 2547 656 2610 Gathedralis
677 2559 870 2625 consensus,
892 2551 931 2610 ut
952 2539 1086 2612 censuit
1108 2548 1213 2636 Sacra
1235 2550 1462 2635 Congregatio

264 2651 487 2728 particularis
526 2649 563 2711 in
601 2649 798 2711 Albanensi.
811 2650 838 2684 ³⁰
899 2650 1059 2728 Idemque
1096 2651 1200 2713 claris
1239 2653 1463 2715 confirmatur

264 2754 375 2815 verbis
394 2753 431 2813 in
449 2769 536 2814 novo
553 2752 677 2813 Codice
695 2752 794 2812 duris
814 2751 995 2813 Canonici:
1036 2754 1108 2814 “Ne
1125 2753 1369 2833 instituantur,
1390 2755 1464 2816 sine

266 2855 420 2933 Capituli
436 2871 612 2930 consensu,
628 2854 665 2914 in
681 2853 823 2932 ecclesia
840 2854 1030 2916 cathedrali
1046 2855 1112 2916 aut
1125 2855 1326 2935 collegiali.”
1338 2857 1368 2891 ⁸²*

309 2957 471 3034 Sequitur
493 2972 584 3017 nunc
604 2955 849 3032 interrogatio:
893 2957 947 3018 Ad
970 2968 1149 3033 quemnam
1172 2960 1302 3035 spectet
1325 2958 1464 3020 Contra·

267 3053 471 3120 ternitatum
496 3056 621 3119 erectio
649 3060 783 3129 mortuo
808 3056 1002 3135 Episcopo?
1037 3058 1173 3143 Aliquis
1200 3062 1323 3136 putare
1350 3063 1465 3138 posset

267 3160 469 3222 erectionem
508 3159 844 3220 Confraternitatum
884 3163 1039 3236 spectare
1079 3163 1162 3220 tunc
1202 3162 1247 3221 ad
1287 3162 1464 3223 Vicarium

268 3261 512 3339 Capitularem,
531 3278 633 3339 quum
653 3261 777 3338 etipse
795 3260 842 3322 sit
860 3261 1075 3338 Ordiuarius,
1095 3263 1154 3322 sed
1173 3263 1384 3324 contrarium
1403 3280 1465 3325 nos

268 3365 366 3426 docet
391 3364 573 3425 Decretum
598 3362 834 3424 authenticum
860 3363 901 3423 N.
927 3363 990 3424 439
1015 3381 1037 3424 a
1063 3362 1169 3433 Sacra
1195 3363 1466 3442 Oongregatione

269 3465 500 3543 Indulgentiis
523 3463 890 3542 Sacrisque'Reliquiis
911 3465 1108 3541 praeposita
1128 3465 1184 3526 die
1204 3465 1245 3527 23
1266 3467 1466 3528 Novembris

269 3585 360 3630 anno
376 3567 458 3629 1878
474 3570 679 3643 emanatum‚
697 3566 786 3645 quod
802 3565 854 3627 ita
869 3579 905 3627 se
921 3566 1039 3627 habet:
1266 3567 1269 3572 “

312 3700 394 3762 1878
407 3769 410 3776 ,
436 3699 477 3761 23
491 3699 699 3763 Novembris.
736 3699 787 3760 De
799 3700 968 3760 facultate
981 3699 1113 3761 Vicarii
1128 3700 1341 3778 Capitularis
1355 3703 1468 3780 quoad

740 3800 1061 3862 Confraternitates.

241 3934 553 4012 ¹(tongregationis
593 3934 860 3996 Praetiosissimi
903 3934 1196 4011 Sanguinis-Cum
1236 3937 1273 3998 in
1314 3939 1467 4001 Aurelia·

271 4037 378 4114 nensi,
396 4037 464 4099 diei
481 4037 521 4098 18
537 4037 687 4114 Augusti
704 4036 786 4098 1868
801 4037 843 4098 ab
861 4037 923 4098 hac
942 4036 1049 4098 Sacra
1064 4037 1335 4115 Congregatione
1354 4039 1468 4099 Indul-

260 4139 396 4218 =geutiis
437 4138 617 4216 Sacrisque
656 4137 823 4216 Reliquiis
863 4139 1060 4216 praeposita
1100 4141 1311 4203 declaratum
1351 4143 1470 4219 tuerit·

258 4241 428 4303 'Vicarios
450 4241 632 4302 Generales
653 4241 690 4301 in
709 4240 880 4318 erigendis
901 4240 1265 4320 confraternitatibus,
1286 4260 1469 4323 earumque

306 4408 325 4434 ⁸⁰
336 4407 426 4456 Sacra
440 4404 636 4463 congregatio
649 4404 774 4454 Rituum
789 4404 844 4454 sub
858 4404 906 4455 die
922 4405 955 4455 19
973 4405 1154 4462 Septembris
1171 4407 1248 4456 1710.

281 4499 283 4506 ,
306 4476 323 4504 ⁸¹
335 4475 435 4525 Novus
452 4474 549 4527 Codex
564 4473 647 4524 Juris
664 4473 815 4532 canonici,
833 4473 903 4526 Can.
921 4473 981 4532 712,
998 4475 1166 4534 paragraph
1183 4475 1208 4526 2.
