3336 5166
222 420 223 426 ἵ
246 457 307 518 102
495 440 546 499 Da
564 439 905 514 Controtoraimtiboa
920 441 1164 499 Ecclesiastico

241 642 345 704 etiam
362 642 602 720 eleemosynas,
621 646 724 720 atquc
741 643 859 705 oblata
877 643 943 705 sibi
962 641 1145 704 charitatis
1162 641 1327 720 subsidia,
1346 641 1444 704 mana

240 743 383 804 prorsus
406 729 557 789 maceda
581 731 731 806 accepta,
755 729 912 806 fideliter,
936 728 1119 806 colligendi
1142 728 1294 791 facultas
1318 729 1425 790 datur
1432 745 1442 805 ;

242 814 282 872 ut
300 812 439 873 tandem
459 813 620 874 coelestes
640 813 701 874 bos
721 813 882 874 ecclesiae
901 813 1081 874 thesauros
1100 829 1170 874 aaa
1188 813 1233 874 od
1253 816 1442 890 quaestum,

242 896 301 958 sed
316 914 338 958 a
353 896 516 974 pietatem
532 898 691 975 exerceri,
708 914 823 959 omnes
839 915 916 960 vere
931 898 1161 975 intelligant.’'

286 1030 408 1108 Itaque
433 1029 588 1092 Clemens
612 1032 706 1093 VIII
729 1031 770 1093 in
793 1049 856 1094 sua
882 1032 1139 1094 Constitutione
1163 1031 1442 1110 “Quaecumque''

242 1131 373 1194 nullam
390 1132 563 1195 emanavit
580 1149 702 1195 novam
719 1134 836 1211 legem,
854 1134 913 1196 sed
931 1134 1107 1196 renovavit
1125 1137 1263 1195 tanturn
1281 1133 1443 1212 antiquas

243 1233 485 1312 dispositiones
514 1251 554 1296 ac
582 1233 840 1313 prohibitiones,
869 1253 973 1313 quum
999 1235 1179 1296 interdicit
1206 1235 1357 1313 recipere
1385 1235 1443 1296 ali·

243 1353 344 1414 quam
376 1335 647 1414 retributionem,
679 1336 786 1398 ctiam
817 1355 840 1399 a
871 1340 993 1415 sponte
1024 1335 1187 1414 offerente
1219 1338 1348 1416 datam,
1381 1352 1444 1415 pro

242 1438 412 1500 erectione
456 1455 497 1500 ac
541 1438 785 1517 aggregatione
829 1437 1175 1501 Confraternitatum.
1240 1438 1296 1500 En
1341 1439 1443 1501 verba

243 1539 427 1602 Clementis
444 1541 555 1603 VIII:

284 1674 524 1736 “Erectionum
560 1678 685 1752 antem,
721 1675 993 1752 institutionum,
1028 1674 1374 1744 communicationum
1408 1678 1443 1738 et

242 1759 523 1838 aggregationum
543 1763 616 1822 tam
637 1761 802 1822 hactenus
822 1761 994 1823 factarum
1015 1778 1117 1839 quam
1139 1761 1298 1839 deinceps
1319 1761 1443 1823 iacien-

242 1845 364 1906 darum
379 1843 533 1906 Litterae
548 1845 590 1906 ab
606 1845 693 1922 ipsis
708 1844 906 1922 Ordinibus,
923 1844 1169 1922 Religionibus,
1187 1846 1367 1907 Institutis
1384 1862 1442 1907 seu

242 1927 695 1991 Archiconfraternitatibus
713 1932 749 1991 et
767 1928 1098 2007 Congregationibus
1117 1930 1227 2007 proiit
1246 1930 1383 1991 omaiao
1403 1947 1444 1990 oo

242 2013 341 2074 aelio
363 2027 506 2089 prorsas
528 2013 691 2090 mercada
712 2013 817 2074 ettam
841 2030 863 2074 o
885 2016 1006 2090 apoatc
1029 2014 1193 2075 dontibus
1217 2017 1369 2092 occepta,
1391 2031 1442 2075 ex·

242 2095 354 2174 pediri
370 2100 405 2158 et
423 2096 562 2159 concedi
579 2097 756 2159 debeant.’'

286 2210 431 2273 Interim
457 2211 640 2274 Decretum
669 2211 795 2276 Sacrae
822 2212 1105 2293 Congregationis
1133 2215 1443 2293 Indulgentiarum,

244 2312 300 2376 die
316 2314 336 2376 6
352 2313 473 2376 Martii
490 2314 574 2376 anni
591 2315 684 2394 1608,
702 2333 724 2378 a
740 2317 850 2377 Paulo
866 2317 908 2378 V.
926 2318 994 2378 ΡΡ.
1012 2317 1250 2395 approbatum,
1267 2316 1445 2394 derogavit

244 2416 419 2478 clausulae
449 2434 471 2478 a
502 2416 675 2479 Clemente
705 2419 778 2479 VII
808 2418 846 2479 in
877 2413 1134 2480 Constitutione
1166 2417 1444 2497 “Quaecumque’'

243 2517 386 2597 positae,
410 2518 613 2598 permittens
638 2537 738 2581 usum
762 2519 950 2598 repricndi
974 2537 1080 2582 unum
1104 2524 1279 2583 scutetum
1303 2537 1444 2583 aureum

244 2625 421 2683 romanum
440 2637 504 2699 pro
522 2621 666 2684 diversis
685 2622 842 2700 expensis
860 2622 1037 2685 occasione
1054 2623 1309 2707 aggregationis
1329 2623 1444 2685 iactis.

243 2722 298 2784 En
319 2724 420 2786 verba
442 2723 597 2786 Decreti:

287 2825 362 2886 “Ad
381 2826 552 2887 tollendos
573 2826 757 2888 nonnullos
777 2827 915 2904 abusus,
937 2826 996 2904 qui
1017 2826 1054 2887 in
1075 2827 1294 2918 expediendis
1314 2827 1445 2888 litteris

244 2927 443 3006 patentibus
491 2927 773 3005 aggregationem
821 2927 1276 2991 ArchiconIraternitatibus
1324 2929 1445 2991 Almae

244 3028 349 3094 Urbis
378 3029 561 3092 retroactis
589 3030 800 3108 temporibus
828 3029 1051 3108 irrepserant,
1082 3030 1188 3110 Sacra
1217 3029 1457 3109 congregatio

245 3130 545 3209 Indulgentiarum
570 3132 705 3193 decreto
729 3131 822 3193 edito
847 3131 902 3194 die
926 3133 946 3194 6
969 3131 1091 3194 Martii
1115 3132 1207 3210 1608,
1232 3134 1445 3212 approbante

244 3251 271 3296 s.
290 3251 333 3294 m.
350 3234 461 3295 Paulo
476 3235 518 3310 V,
536 3233 664 3296 statuit
681 3237 785 3311 atque
802 3233 961 3310 decrevit,
979 3237 1020 3295 ut
1037 3251 1100 3312 pro
1117 3234 1334 3313 expeditione
1351 3252 1445 3313 prae

245 3335 416 3398 dictarum
439 3335 637 3398 litterarum
662 3335 953 3413 aggregationem,
978 3352 1038 3397 seu
1060 3336 1176 3413 potius
1199 3354 1263 3414 pro
1287 3336 1445 3414 expensis

245 3439 390 3517 desuper
416 3436 595 3515 iaciendis,
624 3454 745 3515 nempe
772 3454 835 3515 pro
862 3453 1076 3516 pergamena,
1106 3437 1290 3515 scriptura,
1320 3437 1444 3515 sigillo,

245 3539 415 3619 capsulis·
428 3538 590 3616 cordulis,
613 3555 701 3615 cera,
724 3538 901 3600 secretarii
923 3538 1118 3616 notariique
1139 3539 1265 3617 labore,
1287 3540 1342 3602 vel
1363 3556 1445 3602 mer·

245 3643 334 3720 cede,
354 3641 500 3720 aliisque
519 3641 676 3702 omnibus
695 3639 971 3719 quibuscumque,
992 3640 1080 3701 nihil
1100 3641 1238 3704 omnino
1259 3642 1354 3703 ultra
1374 3657 1445 3702 scu-

245 3748 358 3807 tatum
384 3761 465 3805 num
490 3739 632 3806 aureum
657 3760 720 3821 pro
746 3742 839 3803 omni
866 3741 1117 3820 aggregatione,
1145 3741 1366 3806 Institutione
1392 3741 1446 3804 vel

244 3846 512 3922 confirmati0ne,
536 3845 655 3924 quovis
678 3847 860 3923 praetextu
884 3846 947 3906 aut
970 3843 1081 3906 colore
1102 3843 1206 3905 etiam
1230 3859 1343 3906 merae
1365 3842 1446 3904 elee

245 3965 414 4026 mosynae,
436 3947 527 4024 exigi
548 3951 611 4009 aut
632 3946 739 4022 recipi
761 3947 884 4024 valeat,
907 3947 970 4007 sub
992 3963 1101 4024 poena
1123 3947 1198 4024 ipro
1219 3946 1314 4008 facto
1334 3947 1446 4008 incur·

245 4052 351 4114 renda
372 4049 548 4118 nullitatis
569 4048 834 4126 aggregationis,
856 4048 1073 4125 omniumque
1094 4047 1389 4124 indulgentiarum
1410 4051 1446 4110 et

245 4152 481 4231 spiritualium
504 4150 696 4229 gratiarum
717 4150 755 4210 in
777 4136 1077 4227 ag'gregationibus
1101 4153 1350 4226 contentarum,
1373 4165 1447 4210 nec·

244 4272 313 4316 non
328 4255 391 4316 sub
406 4271 526 4332 poena,
542 4251 748 4332 privationis
765 4251 950 4312 officiorum
966 4254 1001 4312 et
1017 4250 1251 4313 iubatiutatis
1267 4251 1312 4312 ad
1328 4251 1445 4312 cadem

244 4355 355 4420 officia
373 4356 411 4418 in
430 4359 605 4434 posterum
625 4353 812 4416 obtinenda
831 4370 894 4431 pro
914 4351 1094 4428 ministris,
1116 4352 1360 4430 superioribus,
1380 4351 1446 4413 olfi-

245 4460 400 4536 cialibus,
424 4457 570 4536 aliisque
593 4460 714 4518 contra
737 4455 952 4534 praedictum
976 4454 1150 4516 decretum
1173 4454 1287 4516 facere
1310 4470 1446 4532 praesu·

245 4561 434 4636 mentibus;
451 4577 539 4638 quae
554 4576 575 4621 a
592 4558 688 4620 nullo
706 4557 785 4635 alio,
803 4557 872 4617 nisi
889 4574 910 4620 a
928 4557 1081 4617 Romano
1099 4555 1267 4618 Pontifice
1285 4572 1348 4634 pro
1365 4559 1446 4617 tem-

245 4681 328 4743 pore
351 4643 514 4724 existenti
537 4659 670 4723 remitti
692 4659 816 4735 valeat,
842 4658 987 4734 aliisque
1011 4656 1116 4718 etiam
1141 4658 1205 4720 sub
1231 4655 1447 4735 gravioribus
1488 4647 1491 4653 “
1572 4677 1576 4684 ·
