3336 5166
525 483 575 540 De
592 481 931 554 Consroterattottbas
943 481 1185 539 Ecclesiasticus
1401 478 1457 538 113

260 679 407 742 Sanctae
433 683 565 742 ceterae
589 679 784 743 functiones
808 680 1107 756 praetermissam
1130 681 1323 757 solemnem,
1346 678 1457 742 ‘feriae

256 784 289 844 V
305 782 343 843 in
361 782 474 844 Ooena
491 782 648 859 Domini;
667 782 749 844 item
768 781 894 846 Missae
911 783 1076 844 solemnes
1094 799 1156 861 per
1173 799 1310 859 annum,
1327 781 1455 860 exposi-

259 885 310 946 tio
334 884 573 962 Quadraginta
597 885 782 962 Horarum,
805 883 996 946 benedictio
1020 901 1107 962 quae
1131 885 1170 946 fit
1194 900 1297 963 super
1319 885 1456 963 populo,

259 985 429 1063 expositio
457 1003 544 1064 quae
572 987 613 1048 fit
642 1002 718 1047 cum
748 985 927 1064 relinquiis
955 986 1008 1048 vel
1036 986 1144 1048 sacris
1173 985 1390 1064 imaginibus,
1421 989 1457 1048 et

258 1088 448 1151 benedictio
467 1105 646 1166 quaecum
665 1089 715 1150 eis
733 1089 774 1151 fit
792 1106 896 1168 super
914 1090 1049 1168 populo.

307 1192 361 1267 (d)
391 1189 569 1253 Sermones
604 1190 734 1268 publici
768 1191 806 1252 iu
842 1190 1052 1269 supradictis
1087 1191 1240 1254 ecclesiis
1275 1207 1350 1253 cum
1386 1207 1458 1271 per·

259 1293 420 1354 missione
448 1293 629 1371 Episcopi3
658 1292 908 1371 publicationes
938 1293 1134 1371 vigiliarum
1163 1298 1198 1356 et
1227 1294 1457 1356 festivitatum

261 1395 299 1456 in
315 1396 525 1457 hebdomada
543 1395 804 1457 occurrentium.

303 1498 346 1558 In
365 1497 457 1560 hisoe
476 1514 557 1575 ergo
575 1497 811 1561 functionibus
832 1499 1034 1576 peragendis
1056 1498 1369 1562 Confratecnitates
1390 1516 1459 1561 non

261 1599 452 1677 dependent
466 1617 487 1662 a
500 1601 663 1677 Parocho,
677 1603 712 1662 et
725 1601 893 1678 parochus
907 1618 976 1661 non
988 1605 1102 1680 potest
1115 1601 1165 1664 eis
1178 1601 1259 1663 illas
1272 1601 1460 1680 prohibere.

303 1701 333 1764 3.
355 1701 476 1763 Lucidi
510 1705 615 1779 tenet,
650 1703 741 1779 quod
775 1703 879 1765 unica
912 1703 991 1764 fons
1025 1703 1280 1782 interpretandi
1314 1704 1460 1766 allatum

262 1804 435 1867 decretum
463 1804 587 1866 “Urbis
614 1808 649 1866 et
677 1804 799 1866 Orbis'’
826 1805 899 1866 sint
923 1805 1170 1867 institutiones
1197 1807 1461 1868 Eooleatoattooe

263 1906 442 1968 Benedicti
465 1905 560 1984 XIV,
585 1906 644 1983 qui
668 1906 760 1969 clare
782 1923 823 1969 ac
847 1906 971 1969 diffuse
995 1908 1110 1969 omnia
1133 1908 1288 1969 declarat
1312 1925 1352 1970 ac
1377 1926 1460 1970 com·

263 2010 411 2071 mendat.
463 2010 532 2070 Pro
562 2008 626 2071 hac
656 2013 772 2071 tamen
802 2008 884 2087 vice,
914 2010 989 2088 ipse
1018 2010 1188 2072 dilucidat
1219 2011 1462 2073 auctoritatem

263 2110 404 2190 parochi
425 2111 463 2172 in
485 2109 809 2189 Oonfraternitates,
830 2113 962 2174 erectas
983 2113 1021 2173 in
1042 2113 1204 2174 oratoriis
1226 2112 1397 2191 separatis
1419 2113 1462 2175 ab

262 2213 405 2276 ecclesia
422 2213 622 2292 parochiali,
641 2213 780 2276 minime
796 2230 874 2276 vero
893 2214 996 2276 solvit
1014 2215 1256 2293 quaestionem
1275 2231 1383 2293 neque
1401 2214 1462 2275 dat

265 2315 433 2378 rationem
459 2333 565 2394 quare
590 2316 760 2394 parochus
787 2317 888 2378 habet
914 2316 1019 2378 talem
1046 2315 1289 2378 auctoritatem
1316 2317 1354 2377 in
1381 2316 1463 2378 Gon-

165 2411 174 2424 “
266 2417 517 2494 fraternitates,
539 2435 647 2496 neque
667 2423 786 2497 aperte
807 2418 961 2480 declarat
982 2418 1019 2479 in
1042 2436 1109 2496 quo
1131 2420 1213 2481 haec
1235 2420 1463 2497 dependentia

265 2519 443 2598 consistat,
459 2537 561 2599 quam
577 2519 855 2583 Gonfraternitas
871 2522 1019 2599 parocho
1036 2522 1144 2584 dehet.
1183 2521 1331 2583 Multum
1347 2525 1463 2584 tamen

265 2623 408 2700 confert,
428 2626 468 2684 ut
486 2622 626 2685 facilius
645 2624 859 2684 solverentur
878 2622 1107 2685 difficultates.
1147 2623 1287 2700 Revera,
1307 2640 1348 2685 ex
1366 2640 1464 2702 para·

265 2724 395 2802 grapho
412 2725 493 2802 VII,
510 2724 567 2788 cui
583 2725 709 2787 titulus
726 2725 839 2803 “Quid
854 2727 1040 2803 gerendam
1057 2726 1105 2786 stt
1121 2725 1160 2786 ia
1177 2728 1240 2787 boo
1258 2725 1406 2787 Otottote
1424 2743 1465 2786 oo

265 2827 421 2889 Dtoeoesf
441 2844 505 2906 pro
527 2828 746 2889 obaeroootdte
767 2828 823 2905 tta,
844 2843 930 2906 qaae
950 2828 988 2889 ta
1009 2828 1096 2906 ipsis
1114 2828 1271 2890 Decretis
1293 2827 1464 2891 continere

269 2931 359 3007 tor,”
376 2928 512 2993 eruitur
529 2930 620 3008 quod
639 2929 954 2991 Confraternitates
972 2933 1106 3000 erectae
1124 2929 1160 2990 in
1180 2929 1343 2992 Ecclesiis
1364 2929 1466 2991 Paro·

154 3095 157 3099 ,
269 3031 438 3093 chialibus
464 3031 639 3109 subiectae
664 3031 736 3094 sint
761 3032 915 3093 Parocho
941 3032 1046 3093 etiam
1071 3032 1109 3092 in
1134 3031 1371 3093 functionibus
1397 3048 1466 3094 non

267 3132 539 3211 parochialibus3
557 3137 592 3195 et
608 3133 681 3211 hoc,
698 3135 787 3195 “non
803 3135 913 3195 solum
928 3135 971 3195 oh
988 3133 1045 3212 ius
1062 3134 1267 3211 parochiale,
1284 3134 1345 3196 sed
1362 3134 1467 3196 etiam

268 3235 311 3297 oh
328 3235 526 3312 dominium,
544 3235 732 3314 primatum
749 3239 785 3297 et
802 3236 951 3313 regimen
969 3235 1059 3314 quod
1076 3237 1252 3298 Parochus
1269 3239 1304 3298 et
1322 3236 1467 3315 quilibet

268 3337 359 3400 alius
372 3338 497 3399 Rector
510 3337 644 3400 obtinet
656 3338 694 3398 in
708 3355 771 3400 sua
785 3337 928 3400 ecclesia
940 3341 976 3400 et
989 3337 1159 3399 universis
1173 3338 1284 3416 ipsius
1298 3339 1466 3417 partibus.

272 3441 385 3514 Quare
427 3439 597 3502 Sodalitia
636 3439 896 3501 Parochialibus
934 3439 1098 3502 Ecclesiis
1136 3439 1277 3502 addicta
1316 3440 1469 3502 eamdem

269 3541 424 3604 Parocho
448 3542 700 3604 observantiam
725 3543 916 3620 persolvere
940 3542 1073 3619 dehent,
1099 3559 1186 3620 quae
1210 3541 1401 3620 requiritur
1424 3541 1470 3603 ab

269 3643 314 3705 iis
330 3644 390 3722 qui
406 3643 444 3704 in
461 3643 584 3705 alienis
601 3644 742 3706 aedibus
759 3645 1018 3706 immorantur.''

312 3745 481 3808 Gonoessa
510 3745 628 3823 itaque
656 3745 835 3808 Benedicti
865 3747 951 3807 XIV
980 3745 1178 3823 assertione,
1207 3745 1297 3824 quod
1329 3746 1469 3808 Oonfra-

271 3848 454 3910 ternitates
482 3851 615 3910 erectae
642 3847 680 3908 in
708 3848 872 3910 Ecclesiis
901 3847 1171 3926 Parochialibus,
1202 3847 1470 3910 considerandae

272 3953 355 4012 sunt
384 3953 558 4028 tamquam
588 3951 683 4012 entia
712 3949 857 4012 moralia
887 3951 924 4011 in
954 3951 1131 4012 territorio
1162 3950 1284 4028 alieno,
1315 3953 1351 4012 et
1380 3951 1469 4029 quod

271 4053 446 4115 Parochus
464 4053 511 4116 sit
529 4041 633 4132 caput
650 4054 823 4116 Ecclesiae
841 4072 909 4115 non
927 4055 1036 4115 solum
1054 4054 1096 4116 ob
1114 4054 1171 4132 J'us
1187 4053 1392 4132 parochiale,
1410 4053 1471 4115 sed

271 4154 376 4218 etiam
392 4155 434 4218 ob
451 4155 649 4233 dominium,
666 4156 853 4235 primatum
869 4160 904 4219 et
921 4156 1070 4234 regimen
1087 4156 1177 4233 quod
1193 4155 1267 4233 ipse
1284 4155 1416 4218 obtinet
1432 4155 1471 4215 in

272 4274 336 4321 sua
359 4259 516 4322 Ecclesia·
537 4263 573 4322 et
597 4260 766 4322 universis
789 4261 900 4339 ipsius
924 4261 1092 4338 partibus,
1117 4259 1158 4322 fit
1182 4277 1273 4322 nunc
1297 4260 1470 4338 quaestio:

272 4363 436 4427 Potestne
459 4365 634 4427 Parochus
659 4381 821 4444 peragere
845 4363 1045 4426 functiones·
1066 4382 1134 4426 non
1159 4365 1383 4444 parochiales,
1409 4368 1471 4428 aut

272 4469 429 4547 potestne
446 4467 636 4546 disponere,
654 4469 744 4546 quod
762 4470 851 4532 tales
868 4469 1063 4531 functiones
1081 4469 1293 4549 peragendae
1313 4488 1381 4531 non
1400 4470 1472 4532 sint

275 4573 376 4652 juxta
398 4576 534 4635 statuta
557 4573 808 4650 particularia?
853 4574 921 4636 Hic
945 4578 1017 4636 stat
1041 4575 1224 4638 difficultas
1250 4575 1471 4656 quaestionis.
