3340 5170
253 462 292 522 31
511 462 560 520 De
579 459 919 534 Oanjratemitatibas
934 459 1177 522 anlesiaelieie

255 660 497 724 iraternitates
521 662 618 738 patet
640 677 682 724 ex
705 659 842 724 decreto
864 658 1064 726 authentico
1087 659 1215 738 8421,
1239 660 1329 740 quod
1352 677 1457 738 quum

257 761 460 828 sitonicum
477 763 727 840 documentum,
744 778 811 840 quo
826 759 960 824 Vicarii
978 761 1158 826 Generalis
1175 761 1239 825 bac
1255 761 1293 822 in
1311 761 1458 826 materia

258 865 466 930 describitur
482 864 685 941 auctoritas,
703 863 871 942 optimum
889 863 1010 942 putavi
1027 862 1115 926 illud
1133 862 1189 926 bic
1207 879 1268 942 per
1286 862 1459 941 integrum

258 967 396 1044 reterre,
412 967 502 1045 quod
516 965 621 1044 nujus
635 969 689 1029 est
702 964 850 1028 tenoris:

302 1134 385 1197 1888
428 1133 469 1196 18
501 1132 661 1212 sunna.
705 1133 756 1194 ne
788 1131 921 1194 vicarii
953 1131 1132 1194 senatus
1165 1100 1336 1210 potestate
1368 1131 1461 1194 cirea

668 1232 871 1298 erectionem
903 1232 1250 1296 Contraternitatum.

261 1367 481 1430 Aurelianen.
523 1367 603 1429 Etsi
621 1367 782 1430 Vicarius
800 1367 979 1430 Generalis
998 1367 1150 1432 81811811
1169 1366 1235 1429 sibi
1255 1367 1462 1446 generaliter

261 1470 433 1534 commissi
463 1469 623 1548 expedire
653 1469 764 1548 possit
794 1487 835 1532 ea
866 1468 1014 1547 negotia,
1046 1485 1133 1547 quae
1164 1470 1208 1532 ad
1240 1469 1461 1532 Ordinariam

262 1571 424 1650 Episcopi
452 1570 727 1650 jurisdictionem
757 1574 933 1650 spectant;
965 1569 1132 1634 nonnulla
1161 1575 1277 1634 tamen
1307 1587 1462 1633 exercere

262 1675 381 1753 nequit
399 1673 474 1737 sine
492 1673 633 1752 speciali
653 1672 816 1752 Episcopi
835 1673 1015 1737 mandato:
1035 1690 1076 1736 ea
1094 1689 1223 1750 nempe,
1243 1689 1330 1751 quae
1348 1673 1401 1734 881
1421 1688 1462 1734 ex

201 1779 205 1789 '
262 1777 339 1855 jure
360 1776 500 1854 scripto,
520 1778 634 1838 velex
654 1789 779 1837 causae
798 1775 970 1852 gravitate
990 1774 1172 1852 specialem
1192 1774 1463 1836 commissionem

263 1878 454 1958 requirunt.
499 1879 597 1940 Inter
619 1877 701 1940 haec
723 1880 837 1940 antem
863 1877 1110 1940 adcensendam
1134 1893 1207 1938 esse
1231 1875 1464 1939 Confraterni-

263 1985 376 2045 tatum
395 1979 599 2042 erectionem
617 1982 691 2041 tum
712 1979 876 2040 Doctores
895 1978 1029 2055 docent,
1048 1982 1122 2041 tum
1140 1977 1265 2040 inferri
1283 1977 1464 2040 videbatur

263 2100 305 2145 ex
323 2082 448 2144 Sacrae
463 2082 606 2144 Rituum
624 2080 907 2159 Oongregationis
925 2080 1134 2142 resolutione
1149 2079 1243 2142 edita
1258 2079 1314 2144 die
1332 2080 1464 2141 10818

264 2184 336 2248 bris
359 2185 451 2261 1617,
474 2201 542 2262 qua
564 2183 735 2261 Episcopo
757 2182 917 2244 Elboren.
940 2181 1135 2260 respondit:
1182 2181 1338 2243 “Nemini
1362 2181 1465 2244 licere

264 2287 460 2348 inconsulto
480 2285 651 2364 Episcopo
668 2284 707 2344 in
727 2301 791 2346 888
810 2283 956 2346 dioecesi
975 2283 1105 2361 erigere
1124 2286 1159 2345 et
1180 2299 1295 2346 creare
1315 2283 1358 2345 de
1378 2299 1466 2344 novo

267 2387 588 2464 Confraternitates,
612 2390 648 2450 81
671 2403 789 2448 earam
817 2389 953 2448 statuta
975 2386 1168 2464 approbare
1193 2389 1229 2448 et
1255 2371 1465 2460 confirmare,

265 2507 351 2570 quae
372 2490 487 2552 omnia
508 2489 677 2568 privative
698 2489 809 2567 quoad
829 2488 919 2550 alios
939 2488 984 2550 ad
1005 2487 1213 2566 Episcopum
1234 2491 1372 2550 tantum
1394 2503 1466 2566 per·

265 2593 379 2657 tinent
394 2593 432 2652 in
451 2609 514 2654 888
531 2590 707 2654 dioecesi.”

308 2697 491 2757 Praeterea
525 2693 686 2754 Vicarius
721 2691 900 2755 Generalis
933 2709 1002 2753 non
1037 2694 1151 2769 potest
1185 2690 1317 2768 pariter
1351 2691 1467 2768 vigore

267 2797 367 2860 officii
386 2797 441 2858 sui
461 2813 534 2858 sese
551 2795 706 2872 ingerere
724 2795 762 2854 in
780 2793 1024 2871 exsequutione
1042 2791 1240 2854 litterarum
1247 2789 1468 2869 Apostolicar
1513 2829 1517 2836 -

267 2917 329 2978 pro
344 2898 577 2976 huJuscemodi
592 2896 749 2974 indultis,
765 2897 795 2957 si
810 2897 892 2957 haec
906 2895 1039 2958 inerint
1053 2895 1224 2974 Episcopo
1240 2897 1380 2972 directa,
1398 2894 1467 2956 8181

267 3005 420 3079 potestas
443 2998 687 3077 subdelegandi
711 2998 819 3060 eidem
841 2999 937 3060 facta
960 2997 1078 3074 fuerit,
1101 3014 1266 3075 suumque
1289 2998 1467 3060 vicarium

269 3103 469 3165 Generalem
494 3119 613 3178 reapse
637 3100 917 3178 subdelegaverit.
964 3101 1006 3160 ld
1032 3099 1269 3161 confirmatum
1295 3099 1468 3176 reperitur

270 3207 312 3269 ab
333 3206 396 3266 hac
419 3207 524 3266 Sacra
547 3203 817 3282 congregatione
837 3203 872 3264 iu
895 3220 963 3264 888
987 3201 1312 3278 Gratianopolitana
1334 3202 1402 3263 diei
1426 3203 1466 3262 24

268 3305 353 3384 Maji
395 3307 487 3368 1843.
549 3305 633 3367 Cum
674 3304 763 3366 enim
804 3303 996 3383 Episcopus
1036 3303 1382 3383 Gratianopolitanus
1424 3304 1467 3366 ab

269 3409 468 3487 Apostolica
488 3407 573 3469 Sede
591 3407 797 3468 obtinuisset
815 3410 952 3484 praeter
969 3405 1058 3468 alies
1076 3405 1272 3482 facultates,
1292 3405 1468 3467 licentiam

268 3510 421 3588 erigendi
443 3510 480 3570 in
502 3527 565 3571 sua
589 3508 733 3572 dioecesi
755 3509 870 3586 plures
895 3507 1115 3585 Sodalitatea,
1138 3507 1331 3585 quaesitum
1354 3507 1424 3568 fuit
1447 3525 1468 3570 a

270 3612 376 3674 Sacra
403 3611 683 3689 Congregatione,
709 3615 826 3673 atram
853 3611 920 3672 dno
949 3609 1080 3672 Viearii
1108 3609 1290 3672 Generales
1317 3609 1469 3687 eiusdem

203 3771 205 3778 t
269 3715 442 3792 Episcopi,
468 3715 526 3794 qni
552 3731 628 3774 cnm
653 3713 729 3790 ipso
755 3729 859 3774 nnana
884 3727 1064 3789 personam
1090 3712 1253 3772 moralem
1279 3711 1469 3788 efficiebant

269 3820 392 3878 saltent
409 3819 520 3896 qnoatl
538 3815 812 3894 jnrisdielionetn
829 3812 1052 3890 ordinariam,
1069 3813 1123 3874 ati
1141 3813 1276 3890 possint
1294 3812 1469 3890 188811811-

270 3921 333 3982 bas
353 3919 551 3996 praedietis,
571 3917 702 3978 88111881
723 3915 934 3978 sodalitates
954 3915 1117 3992 eripentli,
1137 3918 1199 3975 etc.

313 4020 419 4083 Sacra
447 4019 674 4097 congregatio
702 4017 897 4096 respondit:
945 4018 1090 4078 Indnlla
1117 4035 1177 4080 sea
1202 4018 1470 4096 1888118188,,18

271 4125 393 4204 quibas
425 4124 463 4185 in
494 4123 691 4202 praeposito
723 4123 837 4198 dnbio,
870 4122 936 4182 etsi
967 4139 1037 4182 non
1069 4123 1192 4184 cedant
1223 4122 1262 4182 in
1293 4122 1470 4199 propriam

270 4226 433 4306 Episcopi
455 4225 656 4302 utilitatem,
676 4227 735 4286 sed
757 4225 795 4285 in
816 4225 965 4302 praliam
988 4225 1275 4302 dioecesanorum,
1296 4243 1365 4286 non
1387 4230 1470 4286 sant

273 4337 386 4392 tamea
409 4331 452 4391 de
475 4328 651 4391 ordinaria
674 4345 739 4388 saa
761 4331 933 4404 potestate
958 4329 1002 4388 aa
1026 4331 1155 4388 rectam
1180 4329 1470 4403 necessariamque

271 4433 463 4494 animarum
475 4431 540 4492 sibl
553 4430 809 4492 commissarum
820 4428 1153 4490 admittistralionem
1166 4430 1344 4508 ordittala:
1356 4432 1408 4491 ita
1420 4435 1472 4506 nt,

270 4552 309 4596 eo
336 4533 705 4610 8188818881818818
733 4515 920 4609 laborante,
947 4532 1017 4594 siae
1045 4532 1161 4594 nimiis
1188 4533 1470 4610 occnpettonabas
