3340 5170
472 437 523 496 De
542 433 881 510 anfroteraitotibua
896 429 1140 520 Deoleaioaticta
1380 425 1417 486 ol

217 634 324 697 dubia
347 635 389 697 de
412 651 491 696 vero
514 634 611 696 illius
634 651 754 712 seusu3
778 634 848 696 imo
871 634 988 714 plures
1011 651 1054 695 ex
1076 637 1177 712 parte
1201 631 1418 712 potissimum

218 736 467 815 Episcoporum
484 737 635 815 porrecti
652 737 795 800 luerunt
811 735 921 799 libelli
939 736 1121 816 supplices,
1140 735 1264 814 quibus
1280 735 1380 798 enixe
1397 753 1419 798 a

220 837 328 901 sacra
358 838 630 916 Oongregatione
659 837 912 917 postulabatur,
943 842 983 900 ut
1012 855 1082 900 non
1111 836 1271 900 obstante
1301 853 1418 915 supra·

219 943 406 1002 memorato
433 941 579 1004 Decreta
606 941 764 1003 absentes
791 939 942 1002 adscribi
969 942 1110 1018 possent
1138 940 1261 1002 saltem
1289 938 1418 1001 Sodali·

218 1041 351 1105 tatibus
365 1059 425 1104 seu
439 1041 507 1120 piis
521 1041 714 1104 Unionibus
727 1041 861 1120 piisque
874 1041 1052 1119 Operibus,
1066 1057 1154 1119 quae
1165 1055 1266 1102 verae
1279 1038 1420 1101 Gonlra-

217 1144 402 1206 tarnitates
425 1144 495 1206 dici
519 1148 701 1223 nequeunt,
725 1144 894 1222 simulque
916 1144 1172 1224 proponebatur
1196 1143 1327 1221 modus,
1352 1157 1420 1221 quo
1480 1215 1482 1222 Α

219 1247 277 1308 via
297 1246 335 1308 in
354 1250 529 1323 posterum
550 1246 829 1325 praecingeretur
849 1246 1023 1326 abusibus,
1044 1246 1104 1326 qui
1126 1247 1299 1325 hucusque
1318 1246 1420 1308 inole

219 1351 341 1411 verant
355 1348 393 1409 in
407 1347 600 1411 absentium
614 1347 849 1426 inscriptione.
886 1349 1000 1422 Quare
1013 1348 1159 1427 desuper
1173 1347 1227 1410 his
1242 1346 1421 1428 sequentia

220 1449 327 1512 dubia
339 1450 501 1513 solvenda
515 1450 693 1530 proposita
705 1450 866 1513 luerunt:

264 1549 302 1613 1ο
326 1553 452 1615 Utrum
472 1553 654 1615 Decretum
674 1551 743 1615 diei
763 1551 804 1614 13
823 1551 956 1631 Aprilis
976 1551 1059 1614 1878
1077 1551 1260 1631 prohibens
1279 1551 1421 1630 inscrip-

220 1653 349 1716 tionem
368 1653 572 1731 absentlum,
590 1654 635 1716 ad
652 1653 730 1732 pias
748 1653 899 1717 Uniones
917 1657 953 1716 et
970 1653 1030 1733 pia
1047 1653 1170 1733 Opera,
1187 1670 1275 1733 quae
1292 1671 1314 1716 a
1331 1653 1421 1716 veris

222 1754 577 1818 Oonlraternitatlbus
593 1755 867 1834 distinguuntur,
882 1755 1112 1818 extendatur?

264 1854 302 1918 2⁰
327 1857 452 1920 Utrum
469 1861 505 1919 et
522 1858 689 1935 quomodo
706 1860 784 1936 post
802 1860 1026 1919 memoratum
1043 1857 1226 1920 Decretum
1244 1857 1422 1937 probanda

221 1959 275 2022 vel
292 1958 522 2038 permittenda
540 1959 587 2021 sit
604 1958 786 2038 inscriptio
803 1957 972 2020 sociorum
989 1958 1194 2036 absentium,
1211 1975 1288 2021 curn
1304 1958 1423 2038 agitrrr

221 2061 264 2123 de
277 2061 348 2123 veri
363 2060 510 2122 nominis
526 2060 845 2123 confraternitate?

264 2159 303 2225 3ο
328 2162 418 2236 Quid
434 2163 706 2240 respondendum
721 2163 834 2242 quoad
850 2161 1034 2242 petitiones
1050 2163 1220 2226 exhibitas
1236 2181 1259 2226 a
1274 2164 1423 2226 modera-

221 2264 357 2326 toribus
376 2264 721 2341 confraternitatum,
740 2263 942 2344 praesertim
961 2265 1004 2326 ab
1022 2263 1214 2343 Episcopis,
1232 2264 1292 2343 qui
1310 2268 1425 2343 postu-

223 2367 309 2444 lant,
332 2366 581 2429 nonobstante
602 2367 757 2444 Decreta,
779 2367 929 2429 adscribi
952 2385 1051 2447 posse
1071 2368 1259 2447 praedictis
1282 2368 1423 2432 Oonlra·

223 2467 449 2531 tarditatibus
462 2468 620 2532 absentes
633 2453 694 2548 per
705 2468 843 2531 litteras
856 2471 891 2531 et
904 2485 966 2548 per
977 2469 1218 2548 interpositam
1231 2486 1422 2549 personam,

222 2570 293 2632 sive
306 2573 447 2648 propter
460 2564 750 2648 consuetudinem,
764 2571 835 2633 sive
848 2572 989 2648 propter
1003 2587 1109 2632 novas
1122 2570 1275 2634 rationes
1289 2571 1333 2634 ab
1347 2571 1424 2650 ipsa

223 2670 435 2750 experientia
452 2672 675 2750 desumptas?

265 2771 304 2834 4ο
329 2774 503 2847 Quaenam
519 2772 591 2836 alia
605 2773 867 2851 praescribenda
881 2774 920 2837 in
934 2765 1041 2838 casu?

260 2876 391 2949 Quibus
417 2875 454 2937 in
482 2875 753 2953 congregatione
779 2875 940 2939 Generali
966 2876 1085 2939 habita
1110 2876 1147 2938 in
1174 2877 1313 2941 Palatio
1337 2878 1425 2958 Apo

224 2978 346 3039 stolico
361 2977 531 3044 Vaticano
547 2977 603 3040 die
617 2979 657 3038 14
672 2979 696 3039 J
698 2977 773 3039 unii
790 2978 872 3040 1880
885 2979 956 3040 llll.
972 2980 1040 3040 PP.
1057 2979 1325 3059 rescripserunt:

267 3079 320 3142 Ad
335 3081 365 3157 1,
380 3080 410 3156 2,
424 3080 463 3141 3:
484 3079 726 3142 Providebitur
741 3079 779 3141 in
793 3077 844 3142 4⁰.

268 3181 322 3243 Ad
342 3183 378 3242 4:
398 3182 514 3243 Firmo
532 3185 727 3245 remanente
745 3183 889 3246 Decreta
905 3184 974 3246 diei
993 3185 1032 3244 13
1050 3184 1182 3265 Aprilis
1202 3186 1293 3262 1878,
1311 3186 1425 3249 dubiis

224 3285 260 3343 et
284 3283 508 3360 petitionibus
534 3284 720 3363 propositis
747 3286 969 3363 provideatur
994 3304 1055 3366 per
1080 3289 1274 3367 appositam
1299 3289 1425 3353 instru-

224 3384 371 3446 ctionem
388 3388 424 3447 et
439 3385 659 3464 dipositivam
679 3387 944 3450 declarationem
962 3389 1063 3467 juxta
1080 3394 1226 3453 mentem
1245 3391 1425 3471 panditam

226 3502 289 3565 pro
303 3488 507 3566 opportunis
522 3488 788 3566 exceptionibus.

269 3588 312 3649 In
343 3588 522 3652 audientia
554 3590 622 3652 diei
656 3591 695 3651 19
727 3591 827 3652 Junii
860 3593 942 3654 1880
975 3592 1134 3656 summus
1165 3595 1327 3658 Pontifex
1359 3597 1427 3659 Ieo

226 3689 321 3750 XIII
354 3689 480 3752 sacrae
512 3690 795 3770 Congregationis
825 3692 993 3771 iudicium
1025 3695 1062 3756 in
1094 3696 1252 3759 omnibus
1283 3697 1427 3776 benigne

226 3792 468 3870 approbavit.⁷⁵

165 3947 167 3950 .
272 3895 338 3956 Per
366 3895 547 3956 Decretum
577 3895 680 3956 Urbis
708 3901 742 3958 et
771 3896 872 3958 Orbis
903 3898 945 3960 de
973 3898 1028 3962 die
1057 3899 1099 3960 26
1128 3899 1325 3963 Novembris
1346 3901 1426 3962 1880

226 3995 357 4070 prodiit
379 3996 569 4059 declaratio
591 3998 728 4060 Decreti
751 3999 819 4060 diei
841 3999 882 4060 13
904 3999 1037 4080 Aprilis
1060 4002 1142 4064 1878
1163 4003 1206 4065 de
1227 4002 1427 4066 absentibus

227 4113 296 4158 non
316 4097 551 4160 adscribendis
573 4100 617 4161 ad
638 4099 714 4179 pias
738 4100 958 4164 sodalitates.
1002 4102 1193 4183 Praecipua
1213 4103 1288 4183 eius
1311 4105 1427 4185 capita

227 4198 282 4260 hic
298 4215 475 4278 exponam,
491 4217 577 4279 quae
593 4201 735 4265 adhaec
751 4202 868 4264 reduci
883 4207 1045 4282 possunt:

270 4301 299 4361 1.
322 4300 611 4379 Distinguendum
637 4306 690 4364 est
717 4303 809 4365 inter
837 4303 1047 4367 sodalitates
1072 4323 1135 4384 pro
1161 4306 1320 4370 universo
1347 4308 1428 4370 orbe

228 4401 405 4480 catholico,
423 4421 464 4464 ae
482 4403 692 4465 sodalitates
710 4421 774 4483 pro
791 4409 885 4467 certa
903 4409 1041 4468 tantum
1058 4406 1204 4469 dioecesi
1222 4409 1276 4472 vel
1292 4409 1429 4488 regione

262 4551 404 4602 ⁷'Decret
420 4551 502 4602 autb.
519 4564 547 4602 n.
565 4552 624 4604 452.
