<?xml version="1.0" encoding="UTF-8"?>
<!DOCTYPE html PUBLIC "-//W3C//DTD XHTML 1.0 Transitional//EN"
    "http://www.w3.org/TR/xhtml1/DTD/xhtml1-transitional.dtd">
<html xmlns="http://www.w3.org/1999/xhtml" xml:lang="en" lang="en">
 <head>
  <title>
</title>
<meta http-equiv="Content-Type" content="text/html;charset=utf-8" />
  <meta name='ocr-system' content='tesseract 3.04.00' />
  <meta name='ocr-capabilities' content='ocr_page ocr_carea ocr_par ocr_line ocrx_word'/>
</head>
<body>
  <div class='ocr_page' id='page_1' title='image "./deconfraternita01borkgoog_0135.png"; bbox 0 0 3336 5166; ppageno 0'>
   <div class='ocr_carea' id='block_1_1' title="bbox 747 721 1008 784">
    <p class='ocr_par' dir='ltr' id='par_1_1' title="bbox 747 721 1008 784">
     <span class='ocr_line' id='line_1_1' title="bbox 747 721 1008 784; baseline 0 0"><span class='ocrx_word' id='word_1_1' title='bbox 747 721 896 784; x_wconf 77' lang='lat' dir='ltr'>OAPUI&#39;</span> <span class='ocrx_word' id='word_1_2' title='bbox 913 723 1008 784; x_wconf 90' lang='lat' dir='ltr'>XIII</span> 
     </span>
    </p>
   </div>
   <div class='ocr_carea' id='block_1_2' title="bbox 365 879 1397 939">
    <p class='ocr_par' dir='ltr' id='par_1_2' title="bbox 365 879 1397 939">
     <span class='ocr_line' id='line_1_2' title="bbox 365 879 1397 939; baseline 0.005 -7"><span class='ocrx_word' id='word_1_3' title='bbox 365 889 408 933; x_wconf 79' lang='lat' dir='ltr'>bu</span> <span class='ocrx_word' id='word_1_4' title='bbox 429 888 659 934; x_wconf 67' lang='lat' dir='ltr'>exaltionem</span> <span class='ocrx_word' id='word_1_5' title='bbox 679 891 721 934; x_wconf 75' lang='grc' dir='ltr'>Μ’</span> <span class='ocrx_word' id='word_1_6' title='bbox 742 890 1017 936; x_wconf 72' lang='lat' dir='ltr'>ansrauanrlorin</span> <span class='ocrx_word' id='word_1_7' title='bbox 1039 879 1397 939; x_wconf 73' lang='lat' dir='ltr'>connsrnamrnwnt</span> 
     </span>
    </p>
   </div>
   <div class='ocr_carea' id='block_1_3' title="bbox 481 1007 1405 1088">
    <p class='ocr_par' dir='ltr' id='par_1_3' title="bbox 481 1007 1405 1088">
     <span class='ocr_line' id='line_1_3' title="bbox 481 1007 1405 1088; baseline 0.004 -19"><span class='ocrx_word' id='word_1_8' title='bbox 481 1007 558 1069; x_wconf 84' lang='lat' dir='ltr'>Art.</span> <span class='ocrx_word' id='word_1_9' title='bbox 575 1007 700 1070; x_wconf 84' lang='lat' dir='ltr'>I.—-De</span> <span class='ocrx_word' id='word_1_10' title='bbox 717 1009 926 1071; x_wconf 80' lang='lat' dir='ltr'>aatiootiooe</span> <span class='ocrx_word' id='word_1_11' title='bbox 944 1008 1280 1088; x_wconf 62' lang='lat' dir='ltr'>donfroterottotwm</span> <span class='ocrx_word' id='word_1_12' title='bbox 1403 1007 1405 1012; x_wconf 81' lang='grc'><strong>’</strong></span> 
     </span>
    </p>
   </div>
   <div class='ocr_carea' id='block_1_4' title="bbox 283 1123 1485 1614">
    <p class='ocr_par' dir='ltr' id='par_1_4' title="bbox 284 1123 1485 1308">
     <span class='ocr_line' id='line_1_4' title="bbox 328 1123 1485 1192; baseline 0.006 -8"><span class='ocrx_word' id='word_1_13' title='bbox 328 1124 380 1185; x_wconf 91' lang='lat' dir='ltr'>De</span> <span class='ocrx_word' id='word_1_14' title='bbox 403 1123 614 1186; x_wconf 82' lang='lat' dir='ltr'>extinctione</span> <span class='ocrx_word' id='word_1_15' title='bbox 640 1141 700 1187; x_wconf 90' lang='lat' dir='ltr'>seu</span> <span class='ocrx_word' id='word_1_16' title='bbox 726 1125 768 1187; x_wconf 93' lang='lat' dir='ltr'>de</span> <span class='ocrx_word' id='word_1_17' title='bbox 794 1125 1020 1189; x_wconf 76' lang='lat' dir='ltr'>dissolutione</span> <span class='ocrx_word' id='word_1_18' title='bbox 1048 1126 1384 1190; x_wconf 86' lang='lat' dir='ltr'>Ooniraternitatum</span> <span class='ocrx_word' id='word_1_19' title='bbox 1411 1129 1485 1192; x_wconf 86' lang='lat' dir='ltr'>iere</span> 
     </span>
     <span class='ocr_line' id='line_1_5' title="bbox 284 1225 1367 1308; baseline 0.006 -22"><span class='ocrx_word' id='word_1_20' title='bbox 284 1225 425 1303; x_wconf 84' lang='lat' dir='ltr'>perinde</span> <span class='ocrx_word' id='word_1_21' title='bbox 440 1226 621 1288; x_wconf 90' lang='lat' dir='ltr'>dicendum</span> <span class='ocrx_word' id='word_1_22' title='bbox 636 1230 690 1288; x_wconf 89' lang='lat' dir='ltr'>est</span> <span class='ocrx_word' id='word_1_23' title='bbox 706 1244 746 1290; x_wconf 91' lang='lat' dir='ltr'>ac</span> <span class='ocrx_word' id='word_1_24' title='bbox 762 1228 805 1290; x_wconf 89' lang='lat' dir='ltr'>de</span> <span class='ocrx_word' id='word_1_25' title='bbox 821 1227 1007 1291; x_wconf 81' lang='lat' dir='ltr'>abolitione</span> <span class='ocrx_word' id='word_1_26' title='bbox 1024 1229 1187 1291; x_wconf 88' lang='lat' dir='ltr'>Instituti</span> <span class='ocrx_word' id='word_1_27' title='bbox 1203 1230 1367 1308; x_wconf 84' lang='lat' dir='ltr'>religiosi.</span> 
     </span>
    </p>

    <p class='ocr_par' dir='ltr' id='par_1_5' title="bbox 283 1326 1484 1509">
     <span class='ocr_line' id='line_1_6' title="bbox 326 1326 1484 1411; baseline 0.006 -23"><span class='ocrx_word' id='word_1_28' title='bbox 326 1329 355 1388; x_wconf 94' lang='lat'>1.</span> <span class='ocrx_word' id='word_1_29' title='bbox 379 1326 417 1389; x_wconf 80' lang='lat' dir='ltr'>si</span> <span class='ocrx_word' id='word_1_30' title='bbox 430 1327 586 1405; x_wconf 84' lang='lat' dir='ltr'>legitima</span> <span class='ocrx_word' id='word_1_31' title='bbox 600 1328 735 1391; x_wconf 90' lang='lat' dir='ltr'>ratione</span> <span class='ocrx_word' id='word_1_32' title='bbox 750 1333 891 1408; x_wconf 89' lang='lat' dir='ltr'>peracta</span> <span class='ocrx_word' id='word_1_33' title='bbox 905 1330 1013 1394; x_wconf 84' lang='lat' dir='ltr'>luerit</span> <span class='ocrx_word' id='word_1_34' title='bbox 1028 1330 1205 1409; x_wconf 83' lang='lat' dir='ltr'>extinctio,</span> <span class='ocrx_word' id='word_1_35' title='bbox 1220 1333 1324 1409; x_wconf 91' lang='lat' dir='ltr'>plane</span> <span class='ocrx_word' id='word_1_36' title='bbox 1338 1336 1484 1411; x_wconf 89' lang='lat' dir='ltr'>pereunt</span> 
     </span>
     <span class='ocr_line' id='line_1_7' title="bbox 283 1429 730 1509; baseline 0.002 -18"><span class='ocrx_word' id='word_1_37' title='bbox 283 1429 519 1508; x_wconf 81' lang='lat' dir='ltr'>indulgentiae</span> <span class='ocrx_word' id='word_1_38' title='bbox 534 1433 569 1492; x_wconf 91' lang='lat' dir='ltr'>et</span> <span class='ocrx_word' id='word_1_39' title='bbox 587 1431 730 1509; x_wconf 87' lang='lat' dir='ltr'>gratiae.</span> 
     </span>
    </p>

    <p class='ocr_par' dir='ltr' id='par_1_6' title="bbox 325 1531 1482 1614">
     <span class='ocr_line' id='line_1_8' title="bbox 325 1531 1482 1614; baseline 0.005 -21"><span class='ocrx_word' id='word_1_40' title='bbox 325 1533 356 1593; x_wconf 85' lang='lat'>2.</span> <span class='ocrx_word' id='word_1_41' title='bbox 380 1531 417 1594; x_wconf 81' lang='lat' dir='ltr'>Si</span> <span class='ocrx_word' id='word_1_42' title='bbox 430 1549 509 1595; x_wconf 91' lang='lat' dir='ltr'>vero</span> <span class='ocrx_word' id='word_1_43' title='bbox 521 1533 710 1611; x_wconf 84' lang='lat' dir='ltr'>illegitime,</span> <span class='ocrx_word' id='word_1_44' title='bbox 722 1552 752 1594; x_wconf 89' lang='lat' dir='ltr'>v.</span> <span class='ocrx_word' id='word_1_45' title='bbox 765 1550 815 1612; x_wconf 88' lang='lat' dir='ltr'>gr.</span> <span class='ocrx_word' id='word_1_46' title='bbox 828 1534 969 1612; x_wconf 88' lang='lat' dir='ltr'>pervim</span> <span class='ocrx_word' id='word_1_47' title='bbox 982 1535 1149 1614; x_wconf 85' lang='lat' dir='ltr'>injustam</span> <span class='ocrx_word' id='word_1_48' title='bbox 1163 1536 1347 1612; x_wconf 89' lang='lat' dir='ltr'>potestatis</span> <span class='ocrx_word' id='word_1_49' title='bbox 1361 1535 1482 1614; x_wconf 88' lang='lat' dir='ltr'>civilis,</span> 
     </span>
    </p>
   </div>
   <div class='ocr_carea' id='block_1_5' title="bbox 283 1634 1485 4368">
    <p class='ocr_par' dir='ltr' id='par_1_7' title="bbox 284 1634 1483 1798">
     <span class='ocr_line' id='line_1_9' title="bbox 284 1634 1483 1714; baseline 0.003 -18"><span class='ocrx_word' id='word_1_50' title='bbox 284 1638 443 1696; x_wconf 84' lang='lat' dir='ltr'>servatur</span> <span class='ocrx_word' id='word_1_51' title='bbox 457 1634 514 1712; x_wconf 80' lang='lat' dir='ltr'>J&#39;us</span> <span class='ocrx_word' id='word_1_52' title='bbox 529 1635 746 1713; x_wconf 76' lang='lat' dir='ltr'>postliminii,</span> <span class='ocrx_word' id='word_1_53' title='bbox 762 1636 852 1714; x_wconf 90' lang='lat' dir='ltr'>quod</span> <span class='ocrx_word' id='word_1_54' title='bbox 868 1638 984 1699; x_wconf 88' lang='lat' dir='ltr'>tamen</span> <span class='ocrx_word' id='word_1_55' title='bbox 999 1639 1152 1714; x_wconf 88' lang='lat' dir='ltr'>tempore</span> <span class='ocrx_word' id='word_1_56' title='bbox 1169 1637 1335 1699; x_wconf 91' lang='lat' dir='ltr'>diuturno</span> <span class='ocrx_word' id='word_1_57' title='bbox 1350 1637 1483 1701; x_wconf 81' lang='lat' dir='ltr'>auferri</span> 
     </span>
     <span class='ocr_line' id='line_1_10' title="bbox 284 1735 385 1798; baseline 0.01 -1"><span class='ocrx_word' id='word_1_58' title='bbox 284 1735 385 1798; x_wconf 87' lang='lat' dir='ltr'>valet.</span> 
     </span>
    </p>

    <p class='ocr_par' dir='ltr' id='par_1_8' title="bbox 283 1838 1484 2313">
     <span class='ocr_line' id='line_1_11' title="bbox 326 1838 1484 1919; baseline 0.004 -20"><span class='ocrx_word' id='word_1_59' title='bbox 326 1838 528 1901; x_wconf 75' lang='lat' dir='ltr'>Auctoritas</span> <span class='ocrx_word' id='word_1_60' title='bbox 550 1843 743 1918; x_wconf 84' lang='lat' dir='ltr'>competens</span> <span class='ocrx_word' id='word_1_61' title='bbox 765 1857 828 1919; x_wconf 91' lang='lat' dir='ltr'>pro</span> <span class='ocrx_word' id='word_1_62' title='bbox 849 1840 1060 1903; x_wconf 86' lang='lat' dir='ltr'>extinctione</span> <span class='ocrx_word' id='word_1_63' title='bbox 1083 1839 1289 1904; x_wconf 81' lang='lat' dir='ltr'>Sodalitatis</span> <span class='ocrx_word' id='word_1_64' title='bbox 1310 1845 1364 1904; x_wconf 89' lang='lat' dir='ltr'>est</span> <span class='ocrx_word' id='word_1_65' title='bbox 1387 1842 1484 1905; x_wconf 89' lang='lat' dir='ltr'>Ordi-</span> 
     </span>
     <span class='ocr_line' id='line_1_12' title="bbox 283 1940 1484 2022; baseline 0.003 -20"><span class='ocrx_word' id='word_1_66' title='bbox 283 1940 405 2002; x_wconf 88' lang='lat' dir='ltr'>narius</span> <span class='ocrx_word' id='word_1_67' title='bbox 418 1941 598 2019; x_wconf 79' lang='lat' dir='ltr'>dioceseos,</span> <span class='ocrx_word' id='word_1_68' title='bbox 613 1941 672 2019; x_wconf 87' lang='lat' dir='ltr'>qui</span> <span class='ocrx_word' id='word_1_69' title='bbox 686 1940 899 2020; x_wconf 85' lang='lat' dir='ltr'>supprimere</span> <span class='ocrx_word' id='word_1_70' title='bbox 912 1946 1026 2022; x_wconf 85' lang='lat' dir='ltr'>potest</span> <span class='ocrx_word' id='word_1_71' title='bbox 1041 1941 1381 2022; x_wconf 71' lang='lat' dir='ltr'>confraternitatem,</span> <span class='ocrx_word' id='word_1_72' title='bbox 1396 1961 1484 2022; x_wconf 90' lang='lat' dir='ltr'>quae</span> 
     </span>
     <span class='ocr_line' id='line_1_13' title="bbox 285 2043 1483 2124; baseline 0.003 -19"><span class='ocrx_word' id='word_1_73' title='bbox 285 2043 433 2121; x_wconf 89' lang='lat' dir='ltr'>amplius</span> <span class='ocrx_word' id='word_1_74' title='bbox 450 2044 773 2122; x_wconf 90' lang='lat' dir='ltr'>non-correspondet</span> <span class='ocrx_word' id='word_1_75' title='bbox 789 2047 909 2106; x_wconf 86' lang='lat' dir='ltr'>sancto</span> <span class='ocrx_word' id='word_1_76' title='bbox 926 2044 998 2122; x_wconf 83' lang='lat' dir='ltr'>dni,</span> <span class='ocrx_word' id='word_1_77' title='bbox 1016 2044 1062 2106; x_wconf 92' lang='lat' dir='ltr'>ad</span> <span class='ocrx_word' id='word_1_78' title='bbox 1078 2062 1176 2123; x_wconf 89' lang='lat' dir='ltr'>quem</span> <span class='ocrx_word' id='word_1_79' title='bbox 1194 2045 1387 2108; x_wconf 90' lang='lat' dir='ltr'>constituta</span> <span class='ocrx_word' id='word_1_80' title='bbox 1402 2046 1483 2124; x_wconf 84' lang='lat' dir='ltr'>tuit,</span> 
     </span>
     <span class='ocr_line' id='line_1_14' title="bbox 284 2145 1484 2226; baseline 0.003 -21"><span class='ocrx_word' id='word_1_81' title='bbox 284 2145 337 2206; x_wconf 87' lang='lat' dir='ltr'>vel</span> <span class='ocrx_word' id='word_1_82' title='bbox 359 2145 397 2206; x_wconf 90' lang='lat' dir='ltr'>in</span> <span class='ocrx_word' id='word_1_83' title='bbox 418 2162 486 2224; x_wconf 89' lang='lat' dir='ltr'>qua</span> <span class='ocrx_word' id='word_1_84' title='bbox 507 2161 627 2223; x_wconf 87' lang='lat' dir='ltr'>graves</span> <span class='ocrx_word' id='word_1_85' title='bbox 649 2149 684 2208; x_wconf 90' lang='lat' dir='ltr'>et</span> <span class='ocrx_word' id='word_1_86' title='bbox 706 2146 948 2224; x_wconf 84' lang='lat' dir='ltr'>irreparabiles</span> <span class='ocrx_word' id='word_1_87' title='bbox 969 2147 1139 2226; x_wconf 84' lang='lat' dir='ltr'>irrepsere</span> <span class='ocrx_word' id='word_1_88' title='bbox 1161 2147 1340 2210; x_wconf 78' lang='lat' dir='ltr'>abusus²¹⁰</span> <span class='ocrx_word' id='word_1_89' title='bbox 1385 2147 1484 2221; x_wconf 84' lang='lat' dir='ltr'>Quod</span> 
     </span>
     <span class='ocr_line' id='line_1_15' title="bbox 285 2247 1448 2313; baseline 0.002 -4"><span class='ocrx_word' id='word_1_90' title='bbox 285 2247 509 2309; x_wconf 80' lang='lat' dir='ltr'>confirmatur</span> <span class='ocrx_word' id='word_1_91' title='bbox 522 2247 628 2310; x_wconf 90' lang='lat' dir='ltr'>etiam</span> <span class='ocrx_word' id='word_1_92' title='bbox 640 2248 678 2308; x_wconf 93' lang='lat' dir='ltr'>in</span> <span class='ocrx_word' id='word_1_93' title='bbox 692 2264 778 2310; x_wconf 92' lang='lat' dir='ltr'>novo</span> <span class='ocrx_word' id='word_1_94' title='bbox 793 2247 917 2311; x_wconf 83' lang='lat' dir='ltr'>codice</span> <span class='ocrx_word' id='word_1_95' title='bbox 930 2248 954 2310; x_wconf 85' lang='lat' dir='ltr'><strong>J</strong></span> <span class='ocrx_word' id='word_1_96' title='bbox 956 2248 1029 2310; x_wconf 92' lang='lat' dir='ltr'>uri</span> <span class='ocrx_word' id='word_1_97' title='bbox 1044 2248 1209 2312; x_wconf 79' lang='lat' dir='ltr'>canonici</span> <span class='ocrx_word' id='word_1_98' title='bbox 1224 2249 1362 2312; x_wconf 76' lang='lat' dir='ltr'>canone</span> <span class='ocrx_word' id='word_1_99' title='bbox 1376 2250 1448 2313; x_wconf 82' lang='grc'><strong>699.</strong></span> 
     </span>
    </p>

    <p class='ocr_par' dir='ltr' id='par_1_9' title="bbox 328 2349 1167 2429">
     <span class='ocr_line' id='line_1_16' title="bbox 328 2349 1167 2429; baseline 0.002 -20"><span class='ocrx_word' id='word_1_100' title='bbox 328 2349 506 2413; x_wconf 82' lang='lat' dir='ltr'>Extinctio</span> <span class='ocrx_word' id='word_1_101' title='bbox 529 2349 838 2413; x_wconf 86' lang='lat' dir='ltr'>Ooniratemitatis</span> <span class='ocrx_word' id='word_1_102' title='bbox 861 2350 1016 2414; x_wconf 89' lang='lat' dir='ltr'>accidere</span> <span class='ocrx_word' id='word_1_103' title='bbox 1036 2355 1167 2429; x_wconf 85' lang='lat' dir='ltr'>potest:</span> 
     </span>
    </p>

    <p class='ocr_par' dir='ltr' id='par_1_10' title="bbox 285 2452 1484 3760">
     <span class='ocr_line' id='line_1_17' title="bbox 333 2452 1484 2532; baseline 0.001 -18"><span class='ocrx_word' id='word_1_104' title='bbox 333 2453 386 2529; x_wconf 85' lang='lat' dir='ltr'>(a)</span> <span class='ocrx_word' id='word_1_105' title='bbox 414 2453 465 2514; x_wconf 88' lang='lat' dir='ltr'>Ob</span> <span class='ocrx_word' id='word_1_106' title='bbox 486 2452 656 2515; x_wconf 86' lang='lat' dir='ltr'>deiectum</span> <span class='ocrx_word' id='word_1_107' title='bbox 677 2453 913 2531; x_wconf 90' lang='lat' dir='ltr'>membrorum,</span> <span class='ocrx_word' id='word_1_108' title='bbox 935 2453 994 2532; x_wconf 87' lang='lat' dir='ltr'>qui</span> <span class='ocrx_word' id='word_1_109' title='bbox 1015 2453 1116 2515; x_wconf 90' lang='lat' dir='ltr'>duret</span> <span class='ocrx_word' id='word_1_110' title='bbox 1136 2470 1198 2532; x_wconf 89' lang='lat' dir='ltr'>per</span> <span class='ocrx_word' id='word_1_111' title='bbox 1218 2457 1354 2515; x_wconf 91' lang='lat' dir='ltr'>centum</span> <span class='ocrx_word' id='word_1_112' title='bbox 1375 2470 1484 2516; x_wconf 87' lang='lat' dir='ltr'>annos</span> 
     </span>
     <span class='ocr_line' id='line_1_18' title="bbox 286 2554 1483 2632; baseline 0 -16"><span class='ocrx_word' id='word_1_113' title='bbox 286 2559 349 2616; x_wconf 94' lang='lat' dir='ltr'>aut</span> <span class='ocrx_word' id='word_1_114' title='bbox 369 2554 481 2632; x_wconf 90' lang='lat' dir='ltr'>ultra;</span> <span class='ocrx_word' id='word_1_115' title='bbox 501 2555 560 2617; x_wconf 82' lang='lat' dir='ltr'>red</span> <span class='ocrx_word' id='word_1_116' title='bbox 580 2571 657 2616; x_wconf 92' lang='lat' dir='ltr'>cum</span> <span class='ocrx_word' id='word_1_117' title='bbox 676 2572 776 2617; x_wconf 88' lang='lat' dir='ltr'>verae</span> <span class='ocrx_word' id='word_1_118' title='bbox 796 2554 1110 2617; x_wconf 81' lang='lat' dir='ltr'>(loniraternitates</span> <span class='ocrx_word' id='word_1_119' title='bbox 1130 2556 1279 2618; x_wconf 89' lang='lat' dir='ltr'>habeant</span> <span class='ocrx_word' id='word_1_120' title='bbox 1300 2555 1483 2632; x_wconf 88' lang='lat' dir='ltr'>personali-</span> 
     </span>
     <span class='ocr_line' id='line_1_19' title="bbox 287 2656 1483 2735; baseline 0.002 -17"><span class='ocrx_word' id='word_1_121' title='bbox 287 2659 395 2718; x_wconf 88' lang='lat' dir='ltr'>tatem</span> <span class='ocrx_word' id='word_1_122' title='bbox 415 2657 599 2734; x_wconf 85' lang='lat' dir='ltr'>juridicam</span> <span class='ocrx_word' id='word_1_123' title='bbox 620 2656 871 2735; x_wconf 85' lang='lat' dir='ltr'>corporationis</span> <span class='ocrx_word' id='word_1_124' title='bbox 893 2657 1145 2726; x_wconf 85' lang='lat' dir='ltr'>ecclesiasticae</span> <span class='ocrx_word' id='word_1_125' title='bbox 1165 2661 1201 2720; x_wconf 90' lang='lat' dir='ltr'>et</span> <span class='ocrx_word' id='word_1_126' title='bbox 1222 2657 1440 2721; x_wconf 85' lang='lat' dir='ltr'>existentiam</span> <span class='ocrx_word' id='word_1_127' title='bbox 1462 2675 1483 2720; x_wconf 91' lang='lat' dir='ltr'>a</span> 
     </span>
     <span class='ocr_line' id='line_1_20' title="bbox 286 2758 1484 2839; baseline -0.001 -18"><span class='ocrx_word' id='word_1_128' title='bbox 286 2759 432 2837; x_wconf 89' lang='lat' dir='ltr'>singulis</span> <span class='ocrx_word' id='word_1_129' title='bbox 458 2759 560 2820; x_wconf 91' lang='lat' dir='ltr'>sociis</span> <span class='ocrx_word' id='word_1_130' title='bbox 585 2758 796 2836; x_wconf 90' lang='lat' dir='ltr'>distinctam,</span> <span class='ocrx_word' id='word_1_131' title='bbox 820 2759 924 2821; x_wconf 92' lang='lat' dir='ltr'>etiam</span> <span class='ocrx_word' id='word_1_132' title='bbox 949 2759 988 2821; x_wconf 94' lang='lat' dir='ltr'>in</span> <span class='ocrx_word' id='word_1_133' title='bbox 1012 2776 1081 2821; x_wconf 92' lang='lat' dir='ltr'>uno</span> <span class='ocrx_word' id='word_1_134' title='bbox 1107 2759 1218 2822; x_wconf 90' lang='lat' dir='ltr'>sodali</span> <span class='ocrx_word' id='word_1_135' title='bbox 1243 2759 1324 2839; x_wconf 87' lang='lat' dir='ltr'>jura</span> <span class='ocrx_word' id='word_1_136' title='bbox 1349 2759 1484 2837; x_wconf 90' lang='lat' dir='ltr'>collegii</span> 
     </span>
     <span class='ocr_line' id='line_1_21' title="bbox 287 2860 1484 2940; baseline 0 -17"><span class='ocrx_word' id='word_1_137' title='bbox 287 2861 439 2924; x_wconf 89' lang='lat' dir='ltr'>retinent</span> <span class='ocrx_word' id='word_1_138' title='bbox 459 2878 566 2940; x_wconf 88' lang='lat' dir='ltr'>neque</span> <span class='ocrx_word' id='word_1_139' title='bbox 584 2861 678 2923; x_wconf 90' lang='lat' dir='ltr'>illico</span> <span class='ocrx_word' id='word_1_140' title='bbox 695 2861 956 2939; x_wconf 87' lang='lat' dir='ltr'>extinguuntur,</span> <span class='ocrx_word' id='word_1_141' title='bbox 974 2860 1111 2923; x_wconf 80' lang='lat' dir='ltr'>etiamsi</span> <span class='ocrx_word' id='word_1_142' title='bbox 1130 2862 1175 2923; x_wconf 90' lang='lat' dir='ltr'>ad</span> <span class='ocrx_word' id='word_1_143' title='bbox 1195 2864 1330 2940; x_wconf 88' lang='lat' dir='ltr'>tempus</span> <span class='ocrx_word' id='word_1_144' title='bbox 1350 2861 1484 2924; x_wconf 85' lang='lat' dir='ltr'>sodales</span> 
     </span>
     <span class='ocr_line' id='line_1_22' title="bbox 285 2963 1483 3042; baseline -0.002 -17"><span class='ocrx_word' id='word_1_145' title='bbox 285 2963 495 3026; x_wconf 80' lang='lat' dir='ltr'>deficient.²¹²</span> <span class='ocrx_word' id='word_1_146' title='bbox 533 2963 645 3024; x_wconf 89' lang='lat' dir='ltr'>Multo</span> <span class='ocrx_word' id='word_1_147' title='bbox 659 2964 773 3025; x_wconf 92' lang='lat' dir='ltr'>minus</span> <span class='ocrx_word' id='word_1_148' title='bbox 790 2963 1068 3025; x_wconf 78' lang='lat' dir='ltr'>Confraternitas</span> <span class='ocrx_word' id='word_1_149' title='bbox 1083 2963 1175 3042; x_wconf 91' lang='lat' dir='ltr'>perit</span> <span class='ocrx_word' id='word_1_150' title='bbox 1190 2965 1294 3041; x_wconf 88' lang='lat' dir='ltr'>atque</span> <span class='ocrx_word' id='word_1_151' title='bbox 1308 2963 1483 3041; x_wconf 79' lang='lat' dir='ltr'>Indulgen-</span> 
     </span>
     <span class='ocr_line' id='line_1_23' title="bbox 285 3064 1484 3142; baseline -0.003 -15"><span class='ocrx_word' id='word_1_152' title='bbox 285 3065 355 3128; x_wconf 90' lang='lat' dir='ltr'>tias</span> <span class='ocrx_word' id='word_1_153' title='bbox 377 3064 519 3142; x_wconf 89' lang='lat' dir='ltr'>amittit,</span> <span class='ocrx_word' id='word_1_154' title='bbox 544 3065 575 3126; x_wconf 91' lang='lat' dir='ltr'>si</span> <span class='ocrx_word' id='word_1_155' title='bbox 596 3065 748 3142; x_wconf 89' lang='lat' dir='ltr'>ecclesia,</span> <span class='ocrx_word' id='word_1_156' title='bbox 772 3065 827 3127; x_wconf 91' lang='lat' dir='ltr'>cui</span> <span class='ocrx_word' id='word_1_157' title='bbox 851 3066 983 3126; x_wconf 90' lang='lat' dir='ltr'>adnexa</span> <span class='ocrx_word' id='word_1_158' title='bbox 1006 3067 1068 3142; x_wconf 88' lang='lat' dir='ltr'>est,</span> <span class='ocrx_word' id='word_1_159' title='bbox 1092 3065 1254 3127; x_wconf 86' lang='lat' dir='ltr'>diruatur</span> <span class='ocrx_word' id='word_1_160' title='bbox 1275 3067 1310 3126; x_wconf 87' lang='lat' dir='ltr'>et</span> <span class='ocrx_word' id='word_1_161' title='bbox 1333 3064 1424 3126; x_wconf 80' lang='lat' dir='ltr'>torte</span> <span class='ocrx_word' id='word_1_162' title='bbox 1445 3064 1484 3126; x_wconf 92' lang='lat' dir='ltr'>in</span> 
     </span>
     <span class='ocr_line' id='line_1_24' title="bbox 285 3165 1484 3229; baseline -0.002 0"><span class='ocrx_word' id='word_1_163' title='bbox 285 3168 400 3229; x_wconf 88' lang='lat' dir='ltr'>eodem</span> <span class='ocrx_word' id='word_1_164' title='bbox 412 3168 486 3228; x_wconf 89' lang='lat' dir='ltr'>loco</span> <span class='ocrx_word' id='word_1_165' title='bbox 499 3167 551 3229; x_wconf 88' lang='lat' dir='ltr'>vel</span> <span class='ocrx_word' id='word_1_166' title='bbox 563 3167 601 3227; x_wconf 92' lang='lat' dir='ltr'>in</span> <span class='ocrx_word' id='word_1_167' title='bbox 612 3167 682 3228; x_wconf 87' lang='lat' dir='ltr'>alio</span> <span class='ocrx_word' id='word_1_168' title='bbox 696 3185 771 3228; x_wconf 94' lang='lat' dir='ltr'>cum</span> <span class='ocrx_word' id='word_1_169' title='bbox 785 3168 900 3229; x_wconf 90' lang='lat' dir='ltr'>eodem</span> <span class='ocrx_word' id='word_1_170' title='bbox 913 3167 1018 3228; x_wconf 88' lang='lat' dir='ltr'>titulo</span> <span class='ocrx_word' id='word_1_171' title='bbox 1031 3169 1084 3229; x_wconf 85' lang='lat' dir='ltr'>vel</span> <span class='ocrx_word' id='word_1_172' title='bbox 1097 3184 1173 3228; x_wconf 91' lang='lat' dir='ltr'>cum</span> <span class='ocrx_word' id='word_1_173' title='bbox 1187 3167 1321 3228; x_wconf 90' lang='lat' dir='ltr'>diverso</span> <span class='ocrx_word' id='word_1_174' title='bbox 1334 3165 1484 3228; x_wconf 75' lang='lat' dir='ltr'>aedifica</span> 
     </span>
     <span class='ocr_line' id='line_1_25' title="bbox 285 3267 1484 3347; baseline -0.003 -16"><span class='ocrx_word' id='word_1_175' title='bbox 285 3273 354 3347; x_wconf 89' lang='lat' dir='ltr'>tur,</span> <span class='ocrx_word' id='word_1_176' title='bbox 372 3273 433 3331; x_wconf 90' lang='lat' dir='ltr'>aut</span> <span class='ocrx_word' id='word_1_177' title='bbox 450 3269 481 3330; x_wconf 90' lang='lat' dir='ltr'>si</span> <span class='ocrx_word' id='word_1_178' title='bbox 496 3269 639 3331; x_wconf 87' lang='lat' dir='ltr'>ecclesia</span> <span class='ocrx_word' id='word_1_179' title='bbox 655 3269 787 3330; x_wconf 84' lang='lat' dir='ltr'>ordinis</span> <span class='ocrx_word' id='word_1_180' title='bbox 804 3267 956 3347; x_wconf 84' lang='lat' dir='ltr'>religiosi</span> <span class='ocrx_word' id='word_1_181' title='bbox 972 3269 1199 3330; x_wconf 91' lang='lat' dir='ltr'>subtrahatur</span> <span class='ocrx_word' id='word_1_182' title='bbox 1216 3267 1431 3346; x_wconf 85' lang='lat' dir='ltr'>regularibus</span> <span class='ocrx_word' id='word_1_183' title='bbox 1448 3270 1484 3329; x_wconf 92' lang='lat' dir='ltr'>et</span> 
     </span>
     <span class='ocr_line' id='line_1_26' title="bbox 288 3369 1483 3448; baseline -0.002 -15"><span class='ocrx_word' id='word_1_184' title='bbox 288 3371 379 3434; x_wconf 90' lang='lat' dir='ltr'>clero</span> <span class='ocrx_word' id='word_1_185' title='bbox 402 3371 571 3433; x_wconf 88' lang='lat' dir='ltr'>saeculari</span> <span class='ocrx_word' id='word_1_186' title='bbox 595 3372 758 3434; x_wconf 88' lang='lat' dir='ltr'>tradatur</span> <span class='ocrx_word' id='word_1_187' title='bbox 782 3372 836 3448; x_wconf 88' lang='lat' dir='ltr'>vel</span> <span class='ocrx_word' id='word_1_188' title='bbox 860 3370 1019 3448; x_wconf 80' lang='lat' dir='ltr'>vicissim,</span> <span class='ocrx_word' id='word_1_189' title='bbox 1044 3374 1107 3432; x_wconf 88' lang='lat' dir='ltr'>aut</span> <span class='ocrx_word' id='word_1_190' title='bbox 1129 3369 1272 3432; x_wconf 89' lang='lat' dir='ltr'>ecclesia</span> <span class='ocrx_word' id='word_1_191' title='bbox 1297 3370 1483 3446; x_wconf 77' lang='lat' dir='ltr'>profanata</span> 
     </span>
     <span class='ocr_line' id='line_1_27' title="bbox 286 3472 1483 3550; baseline -0.005 -14"><span class='ocrx_word' id='word_1_192' title='bbox 286 3475 396 3536; x_wconf 90' lang='lat' dir='ltr'>denuo</span> <span class='ocrx_word' id='word_1_193' title='bbox 416 3473 526 3535; x_wconf 90' lang='lat' dir='ltr'>cultui</span> <span class='ocrx_word' id='word_1_194' title='bbox 545 3473 661 3535; x_wconf 89' lang='lat' dir='ltr'>divino</span> <span class='ocrx_word' id='word_1_195' title='bbox 680 3472 896 3535; x_wconf 87' lang='lat' dir='ltr'>restituatur.</span> <span class='ocrx_word' id='word_1_196' title='bbox 938 3473 1045 3550; x_wconf 76' lang='lat' dir='ltr'>Cuius</span> <span class='ocrx_word' id='word_1_197' title='bbox 1065 3472 1268 3550; x_wconf 91' lang='lat' dir='ltr'>disciplinae</span> <span class='ocrx_word' id='word_1_198' title='bbox 1286 3472 1483 3533; x_wconf 86' lang='lat' dir='ltr'>fundamen·</span> 
     </span>
     <span class='ocr_line' id='line_1_28' title="bbox 285 3573 1484 3654; baseline -0.004 -16"><span class='ocrx_word' id='word_1_199' title='bbox 285 3580 359 3638; x_wconf 87' lang='lat' dir='ltr'>tum</span> <span class='ocrx_word' id='word_1_200' title='bbox 383 3579 446 3653; x_wconf 89' lang='lat' dir='ltr'>est,</span> <span class='ocrx_word' id='word_1_201' title='bbox 469 3576 559 3654; x_wconf 89' lang='lat' dir='ltr'>quod</span> <span class='ocrx_word' id='word_1_202' title='bbox 585 3575 897 3637; x_wconf 83' lang='lat' dir='ltr'>Ooniraternitates</span> <span class='ocrx_word' id='word_1_203' title='bbox 920 3575 992 3636; x_wconf 81' lang='lat' dir='ltr'>rint</span> <span class='ocrx_word' id='word_1_204' title='bbox 1017 3574 1159 3651; x_wconf 89' lang='lat' dir='ltr'>collegia</span> <span class='ocrx_word' id='word_1_205' title='bbox 1183 3573 1388 3652; x_wconf 87' lang='lat' dir='ltr'>personalia,</span> <span class='ocrx_word' id='word_1_206' title='bbox 1415 3589 1484 3633; x_wconf 91' lang='lat' dir='ltr'>non</span> 
     </span>
     <span class='ocr_line' id='line_1_29' title="bbox 286 3677 870 3760; baseline -0.002 -21"><span class='ocrx_word' id='word_1_207' title='bbox 286 3679 394 3740; x_wconf 90' lang='lat' dir='ltr'>realia</span> <span class='ocrx_word' id='word_1_208' title='bbox 408 3679 548 3756; x_wconf 91' lang='lat' dir='ltr'>locoque</span> <span class='ocrx_word' id='word_1_209' title='bbox 562 3677 714 3740; x_wconf 78' lang='lat' dir='ltr'>allixa.²1²</span> <span class='ocrx_word' id='word_1_210' title='bbox 867 3755 870 3760; x_wconf 25' lang='grc'><strong>,</strong></span> 
     </span>
    </p>

    <p class='ocr_par' dir='ltr' id='par_1_11' title="bbox 286 3777 1485 4368">
     <span class='ocr_line' id='line_1_30' title="bbox 334 3777 1484 3857; baseline -0.005 -14"><span class='ocrx_word' id='word_1_211' title='bbox 334 3781 387 3857; x_wconf 84' lang='lat' dir='ltr'>(b)</span> <span class='ocrx_word' id='word_1_212' title='bbox 416 3781 483 3841; x_wconf 93' lang='lat' dir='ltr'>Per</span> <span class='ocrx_word' id='word_1_213' title='bbox 514 3779 786 3857; x_wconf 85' lang='lat' dir='ltr'>suppressionem</span> <span class='ocrx_word' id='word_1_214' title='bbox 820 3797 841 3842; x_wconf 91' lang='lat' dir='ltr'>a</span> <span class='ocrx_word' id='word_1_215' title='bbox 874 3782 1085 3856; x_wconf 91' lang='lat' dir='ltr'>competente</span> <span class='ocrx_word' id='word_1_216' title='bbox 1118 3777 1301 3856; x_wconf 80' lang='lat' dir='ltr'>Superiora</span> <span class='ocrx_word' id='word_1_217' title='bbox 1332 3777 1484 3854; x_wconf 86' lang='lat' dir='ltr'>legitime</span> 
     </span>
     <span class='ocr_line' id='line_1_31' title="bbox 286 3878 1484 3958; baseline -0.002 -16"><span class='ocrx_word' id='word_1_218' title='bbox 286 3883 425 3945; x_wconf 87' lang='lat' dir='ltr'>iactam.</span> <span class='ocrx_word' id='word_1_219' title='bbox 468 3882 543 3954; x_wconf 81' lang='lat' dir='ltr'>Qua</span> <span class='ocrx_word' id='word_1_220' title='bbox 563 3882 602 3942; x_wconf 93' lang='lat' dir='ltr'>in</span> <span class='ocrx_word' id='word_1_221' title='bbox 622 3899 658 3943; x_wconf 91' lang='lat' dir='ltr'>re</span> <span class='ocrx_word' id='word_1_222' title='bbox 679 3881 840 3943; x_wconf 78' lang='lat' dir='ltr'>Pontifex</span> <span class='ocrx_word' id='word_1_223' title='bbox 860 3884 913 3943; x_wconf 87' lang='lat' dir='ltr'>est</span> <span class='ocrx_word' id='word_1_224' title='bbox 932 3884 1135 3958; x_wconf 90' lang='lat' dir='ltr'>competens,</span> <span class='ocrx_word' id='word_1_225' title='bbox 1157 3898 1217 3942; x_wconf 90' lang='lat' dir='ltr'>nec</span> <span class='ocrx_word' id='word_1_226' title='bbox 1238 3878 1401 3958; x_wconf 82' lang='lat' dir='ltr'>Episcopi</span> <span class='ocrx_word' id='word_1_227' title='bbox 1421 3878 1484 3940; x_wconf 91' lang='lat' dir='ltr'>illa</span> 
     </span>
     <span class='ocr_line' id='line_1_32' title="bbox 288 3979 1485 4063; baseline -0.004 -17"><span class='ocrx_word' id='word_1_228' title='bbox 288 3987 460 4063; x_wconf 89' lang='lat' dir='ltr'>potestate</span> <span class='ocrx_word' id='word_1_229' title='bbox 475 3987 594 4045; x_wconf 91' lang='lat' dir='ltr'>carent</span> <span class='ocrx_word' id='word_1_230' title='bbox 610 3983 673 4060; x_wconf 90' lang='lat' dir='ltr'>,uti</span> <span class='ocrx_word' id='word_1_231' title='bbox 687 3983 757 4060; x_wconf 81' lang='lat' dir='ltr'>J&#39;am</span> <span class='ocrx_word' id='word_1_232' title='bbox 773 3983 930 4060; x_wconf 90' lang='lat' dir='ltr'>superius</span> <span class='ocrx_word' id='word_1_233' title='bbox 946 3982 1133 4058; x_wconf 85' lang='lat' dir='ltr'>innuimus,</span> <span class='ocrx_word' id='word_1_234' title='bbox 1149 3981 1179 4042; x_wconf 82' lang='lat' dir='ltr'>si</span> <span class='ocrx_word' id='word_1_235' title='bbox 1194 3999 1235 4044; x_wconf 85' lang='lat' dir='ltr'>ex</span> <span class='ocrx_word' id='word_1_236' title='bbox 1250 3981 1354 4059; x_wconf 80' lang='lat' dir='ltr'>justis</span> <span class='ocrx_word' id='word_1_237' title='bbox 1371 3979 1485 4042; x_wconf 88' lang='lat' dir='ltr'>causis</span> 
     </span>
     <span class='ocr_line' id='line_1_33' title="bbox 287 4082 1484 4163; baseline -0.005 -15"><span class='ocrx_word' id='word_1_238' title='bbox 287 4090 321 4148; x_wconf 92' lang='lat' dir='ltr'>et</span> <span class='ocrx_word' id='word_1_239' title='bbox 335 4090 471 4148; x_wconf 88' lang='lat' dir='ltr'>servata</span> <span class='ocrx_word' id='word_1_240' title='bbox 484 4086 596 4148; x_wconf 79' lang='lat' dir='ltr'>torma</span> <span class='ocrx_word' id='word_1_241' title='bbox 610 4085 773 4147; x_wconf 89' lang='lat' dir='ltr'>canonica</span> <span class='ocrx_word' id='word_1_242' title='bbox 788 4085 832 4147; x_wconf 88' lang='lat' dir='ltr'>ad</span> <span class='ocrx_word' id='word_1_243' title='bbox 844 4084 1118 4162; x_wconf 88' lang='lat' dir='ltr'>suppressionem</span> <span class='ocrx_word' id='word_1_244' title='bbox 1132 4084 1336 4163; x_wconf 84' lang='lat' dir='ltr'>procedant3</span> <span class='ocrx_word' id='word_1_245' title='bbox 1352 4082 1484 4144; x_wconf 88' lang='lat' dir='ltr'>salvum</span> 
     </span>
     <span class='ocr_line' id='line_1_34' title="bbox 286 4182 1485 4265; baseline -0.005 -14"><span class='ocrx_word' id='word_1_246' title='bbox 286 4192 402 4251; x_wconf 89' lang='lat' dir='ltr'>tamen</span> <span class='ocrx_word' id='word_1_247' title='bbox 430 4192 545 4265; x_wconf 87' lang='lat' dir='ltr'>manet</span> <span class='ocrx_word' id='word_1_248' title='bbox 573 4186 927 4249; x_wconf 80' lang='lat' dir='ltr'>Confraternitatibus</span> <span class='ocrx_word' id='word_1_249' title='bbox 955 4186 1208 4265; x_wconf 85' lang='lat' dir='ltr'>supprimendis</span> <span class='ocrx_word' id='word_1_250' title='bbox 1237 4201 1412 4247; x_wconf 89' lang='lat' dir='ltr'>recursum</span> <span class='ocrx_word' id='word_1_251' title='bbox 1440 4182 1485 4246; x_wconf 89' lang='lat' dir='ltr'>ad</span> 
     </span>
     <span class='ocr_line' id='line_1_35' title="bbox 287 4288 1178 4368; baseline -0.002 -17"><span class='ocrx_word' id='word_1_252' title='bbox 287 4290 494 4368; x_wconf 82' lang='lat' dir='ltr'>superiorem</span> <span class='ocrx_word' id='word_1_253' title='bbox 512 4289 754 4351; x_wconf 88' lang='lat' dir='ltr'>auctoritatem</span> <span class='ocrx_word' id='word_1_254' title='bbox 772 4288 1037 4350; x_wconf 88' lang='lat' dir='ltr'>ecclesiasticam</span> <span class='ocrx_word' id='word_1_255' title='bbox 1056 4288 1178 4349; x_wconf 87' lang='lat' dir='ltr'>lacere.</span> 
     </span>
    </p>
   </div>
   <div class='ocr_carea' id='block_1_6' title="bbox 194 4431 1160 4494">
    <p class='ocr_par' dir='ltr' id='par_1_12' title="bbox 194 4431 1160 4494">
     <span class='ocr_line' id='line_1_36' title="bbox 194 4431 1160 4494; baseline 0.01 -9"><span class='ocrx_word' id='word_1_256' title='bbox 194 4455 197 4465; x_wconf 59' lang='lat'><strong><em>¹</em></strong></span> <span class='ocrx_word' id='word_1_257' title='bbox 320 4441 348 4468; x_wconf 82' lang='lat'>¹¹⁰</span> <span class='ocrx_word' id='word_1_258' title='bbox 358 4439 402 4491; x_wconf 86' lang='lat' dir='ltr'>ct.</span> <span class='ocrx_word' id='word_1_259' title='bbox 418 4436 575 4489; x_wconf 89' lang='lat' dir='ltr'>Monaeelll</span> <span class='ocrx_word' id='word_1_260' title='bbox 590 4438 688 4487; x_wconf 74' lang='lat' dir='ltr'>Form.</span> <span class='ocrx_word' id='word_1_261' title='bbox 704 4436 772 4494; x_wconf 77' lang='lat' dir='ltr'>Lag.</span> <span class='ocrx_word' id='word_1_262' title='bbox 788 4436 819 4486; x_wconf 85' lang='lat' dir='ltr'>P.</span> <span class='ocrx_word' id='word_1_263' title='bbox 836 4435 858 4485; x_wconf 89' lang='lat' dir='ltr'>I.</span> <span class='ocrx_word' id='word_1_264' title='bbox 874 4435 906 4485; x_wconf 81' lang='lat' dir='ltr'>T·</span> <span class='ocrx_word' id='word_1_265' title='bbox 921 4433 954 4484; x_wconf 86' lang='lat' dir='ltr'>V·</span> <span class='ocrx_word' id='word_1_266' title='bbox 971 4434 1058 4491; x_wconf 72' lang='lat' dir='ltr'>form»</span> <span class='ocrx_word' id='word_1_267' title='bbox 1073 4445 1102 4484; x_wconf 67' lang='grc' dir='ltr'>Β·</span> <span class='ocrx_word' id='word_1_268' title='bbox 1118 4431 1160 4484; x_wconf 75' lang='lat'>53-</span> 
     </span>
    </p>
   </div>
   <div class='ocr_carea' id='block_1_7' title="bbox 320 4503 981 4628">
    <p class='ocr_par' dir='ltr' id='par_1_13' title="bbox 320 4503 981 4628">
     <span class='ocr_line' id='line_1_37' title="bbox 320 4503 981 4565; baseline -0.011 -5"><span class='ocrx_word' id='word_1_269' title='bbox 320 4511 347 4537; x_wconf 82' lang='lat'>¹¹¹</span> <span class='ocrx_word' id='word_1_270' title='bbox 359 4510 387 4560; x_wconf 83' lang='lat' dir='ltr'>S.</span> <span class='ocrx_word' id='word_1_271' title='bbox 404 4509 435 4559; x_wconf 85' lang='lat' dir='ltr'>c.</span> <span class='ocrx_word' id='word_1_272' title='bbox 452 4509 511 4558; x_wconf 78' lang='grc'><strong>1111.</strong></span> <span class='ocrx_word' id='word_1_273' title='bbox 528 4510 559 4558; x_wconf 91' lang='lat' dir='ltr'>et</span> <span class='ocrx_word' id='word_1_274' title='bbox 576 4507 646 4565; x_wconf 77' lang='lat' dir='ltr'>Reg.</span> <span class='ocrx_word' id='word_1_275' title='bbox 664 4506 697 4556; x_wconf 84' lang='lat' dir='ltr'>1o</span> <span class='ocrx_word' id='word_1_276' title='bbox 715 4503 885 4555; x_wconf 87' lang='lat' dir='ltr'>Decembris</span> <span class='ocrx_word' id='word_1_277' title='bbox 904 4503 981 4554; x_wconf 78' lang='lat'><strong>1718.</strong></span> 
     </span>
     <span class='ocr_line' id='line_1_38' title="bbox 321 4574 747 4628; baseline -0.009 0"><span class='ocrx_word' id='word_1_278' title='bbox 321 4579 473 4628; x_wconf 83' lang='lat' dir='ltr'>²¹¹Decret.</span> <span class='ocrx_word' id='word_1_279' title='bbox 490 4575 573 4626; x_wconf 89' lang='lat' dir='ltr'>auth.</span> <span class='ocrx_word' id='word_1_280' title='bbox 589 4586 669 4625; x_wconf 90' lang='lat' dir='ltr'>num.</span> <span class='ocrx_word' id='word_1_281' title='bbox 686 4574 747 4624; x_wconf 79' lang='grc'><strong>269.</strong></span> 
     </span>
    </p>
   </div>
   <div class='ocr_carea' id='block_1_8' title="bbox 326 4683 375 4735">
    <p class='ocr_par' dir='ltr' id='par_1_14' title="bbox 326 4683 375 4735">
     <span class='ocr_line' id='line_1_39' title="bbox 326 4683 375 4735; baseline 0.02 -1"><span class='ocrx_word' id='word_1_282' title='bbox 326 4683 375 4735; x_wconf 88' lang='grc'>128</span> 
     </span>
    </p>
   </div>
   <div class='ocr_carea' id='block_1_9' title="bbox 0 0 1674 5166">
    <p class='ocr_par' dir='ltr' id='par_1_15' title="bbox 0 0 1674 5166">
     <span class='ocr_line' id='line_1_40' title="bbox 0 0 1674 5166; baseline 0 0"><span class='ocrx_word' id='word_1_283' title='bbox 0 0 1674 5166; x_wconf 95' lang='lat' dir='ltr'> </span> 
     </span>
    </p>
   </div>
  </div>
 </body>
</html>
