3340 5170
247 383 267 446 8
737 381 954 443 Prooemium

248 598 288 644 ac
313 596 376 659 pro
400 580 613 659 simplicibus
639 581 806 643 fidelibus.
853 580 991 642 Etenim
1016 583 1153 659 practer
1179 579 1325 642 Ordines
1352 597 1444 657 regu·

165 673 168 686 '
247 682 349 760 lares,
370 687 405 744 et
427 681 715 761 Oongregationcs
736 683 925 760 religiosas,
948 682 1103 744 existunt
1124 682 1229 743 etiem
1252 681 1446 742 Oonfrater-

249 785 387 862 nitates,
407 784 448 846 de
467 784 589 862 quibus
608 783 760 862 praecise
777 788 812 845 et
829 784 867 844 in
886 782 997 862 specie
1015 782 1235 860 tractandum
1255 786 1307 844 est
1326 779 1389 843 hec
1408 782 1446 842 in

248 886 348 948 thesi.
393 886 560 948 Dehisce
585 885 939 948 Oonfraternitatibus
964 887 1099 962 oportet
1123 900 1323 962 cognoscere
1347 883 1446 960 origi·

249 1006 335 1065 nem,
359 987 470 1065 finem,
494 987 696 1070 praesertim
722 1003 800 1048 vero
824 986 1112 1064 praescriptiones
1137 985 1311 1047 Ecclesiae
1335 983 1446 1062 quoad

248 1106 366 1151 earum
382 1088 595 1166 erectionem,
613 1087 897 1166 aggregationem,
916 1086 1128 1148 conditiones
1145 1103 1207 1164 pro
1224 1087 1320 1147 lucro
1337 1085 1446 1146 indul·

249 1191 453 1269 gentianum,
476 1190 708 1267 directionem,
721 1189 914 1266 relationes
936 1206 1011 1250 cum
1034 1187 1224 1266 Episcopis,
1247 1204 1324 1248 cum
1346 1188 1447 1248 Paro·

249 1293 332 1370 chis,
350 1309 426 1354 cum
442 1291 522 1353 aliis
538 1291 605 1370 piis
622 1290 928 1368 Associationibus,
944 1294 1008 1352 etc.

292 1395 402 1468 Quam
427 1393 474 1454 sit
500 1393 738 1470 necessarium,
763 1395 803 1454 ut
828 1392 864 1469 ii,
890 1391 949 1470 qui
974 1390 1225 1469 quomodolibet
1251 1388 1447 1467 hujusmodi

249 1496 318 1575 piis
342 1493 671 1572 Congregationibus
694 1497 869 1572 praesunt,
893 1492 1088 1571 praedictas
1112 1492 1248 1569 regulas
1271 1508 1331 1552 seu
1354 1507 1447 1569 prae-

250 1598 454 1676 scriptiones
476 1597 580 1674 probe
602 1595 760 1672 calleant,
784 1612 825 1655 ex
845 1611 884 1655 eo
907 1596 1003 1671 patet
1024 1593 1113 1670 quod
1135 1593 1228 1654 bisce
1249 1609 1318 1652 non
1340 1592 1447 1652 obser·

250 1700 350 1776 vatis,
374 1699 490 1760 fideles
515 1697 693 1776 adscripti,
720 1691 788 1761 non
815 1696 955 1774 propria
981 1697 1040 1757 sed
1067 1695 1211 1756 alterius
1238 1695 1349 1773 culpa,
1376 1695 1448 1755 illis

251 1802 472 1879 privarentur
501 1799 738 1880 indulgentiis,
768 1816 855 1876 quae
885 1816 906 1859 a
939 1795 1087 1858 Summis
1117 1796 1343 1858 Pontificibus
1374 1812 1448 1856 con-

251 1920 364 1965 cessae
376 1903 426 1964 eis
438 1887 616 1984 speciatim
629 1902 735 1962 fuere.
769 1901 891 1960 Plures
904 1899 993 1960 enim
1007 1917 1047 1960 ex
1061 1899 1105 1960 iis
1119 1897 1448 1976 praescriptionibus

250 2006 313 2066 sub
330 2021 438 2082 poena
454 2003 628 2064 nullitatis
645 2005 727 2064 sunt
742 2002 937 2063 servandae.
