3336 5166
484 374 534 431 De
554 372 893 445 Coasroteraitotibua
910 373 1153 432 Ecclesiastioie
1393 373 1430 431 ‘ll

229 587 396 651 pauperes
420 589 441 632 a
465 569 533 650 piis
557 571 716 650 operibus
739 574 774 633 et
798 573 841 633 ab
865 572 1099 650 adscriptione
1120 573 1212 634 inter
1237 574 1430 636 confratres

229 674 463 750 retrahantur,
494 677 577 734 tunc
607 672 830 751 rejiciendum
859 690 928 735 non
956 678 1056 736 esset.
1108 675 1206 756 Item
1225 675 1255 737 si
1285 676 1428 754 pecunia

229 777 292 860 illa
321 758 561 836 decerneretur
588 761 633 836 ad
662 774 798 840 modum
827 775 1058 853 eleemosynae
1087 793 1150 855 pro
1179 776 1304 854 missis,
1334 794 1429 839 orna·

230 877 354 938 mentis
396 877 567 954 ecclesiae,
609 876 754 954 aliisque
796 876 1096 938 confraternitatis
1137 877 1297 939 oneribus
1340 879 1431 940 foret

230 979 486 1058 impendenda.'’
608 969 610 974 ’
1426 967 1430 974 ’

275 1077 322 1144 Et
339 1083 377 1142 in
394 1083 456 1142 hoc
474 1082 610 1143 videtur
626 1083 715 1158 quod
733 1081 849 1158 opinio
867 1083 904 1142 P.
921 1082 1090 1144 Theodori
1109 1100 1130 1143 a
1148 1083 1282 1162 Spiritu
1304 1085 1432 1146 Sancto

231 1185 354 1244 bonum
381 1184 505 1245 hebeat
529 1183 801 1260 fundamentum,
827 1201 931 1261 quum
956 1184 1124 1262 implicite
1148 1186 1367 1248 contineatur
1393 1187 1431 1247 in

231 1286 375 1346 Decreto
390 1285 589 1346 authentico
604 1303 637 1345 n.
653 1285 725 1361 260,
742 1285 801 1346 ubi
816 1284 909 1346 inter
923 1285 994 1348 alia
1009 1286 1091 1347 haec
1106 1287 1286 1364 leguntur:
1314 1287 1431 1348 “Nihil

230 1388 366 1448 obstare
385 1387 566 1464 quominus
585 1385 899 1448 Confraternitates
918 1387 1068 1464 recipere
1087 1388 1222 1466 possint
1240 1389 1431 1450 oblationes

230 1489 419 1566 erogandas
461 1488 498 1548 in
540 1489 702 1551 ecclesiae
744 1505 804 1550 seu
847 1489 992 1551 oratorii
1033 1491 1286 1568 reparationem
1328 1496 1431 1570 atque

230 1595 400 1668 ornatum,
413 1592 466 1652 vel
477 1591 515 1651 in
527 1591 614 1652 alios
627 1591 702 1668 pios
716 1608 799 1652 usus
813 1591 855 1652 de
868 1608 1035 1654 consensu
1048 1592 1200 1670 ejusdem
1214 1593 1431 1656 Ordinarii.⁰⁸

457 1759 534 1820 Art.
555 1759 711 1821 IV.-De
731 1761 963 1838 perpetuitate
984 1733 1203 1824 admissionis

258 1893 447 1954 ,Admissio
470 1897 505 1954 et
527 1893 710 1972 inscriptio
733 1894 771 1955 in
795 1894 1126 1958 Confraternitatem
1149 1914 1191 1958 ex
1214 1901 1343 1960 natura
1368 1917 1431 1961 sua

231 1999 284 2056 est
310 1998 485 2073 perpetua.
536 1994 646 2056 Semel
673 1996 768 2057 facta
796 2013 928 2074 semper
955 2002 1159 2075 perseverat.
1209 2000 1432 2062 Declaratum

232 2098 293 2158 hoc
316 2097 386 2157 fuit
409 2113 430 2158 a
453 2095 560 2158 Sacra
584 2096 857 2174 Congregatione
880 2097 1180 2176 indulgentiarum
1205 2117 1267 2178 pro
1292 2101 1431 2163 Confra-

230 2199 397 2260 ternitate
417 2197 626 2275 Scapulanis,
646 2199 802 2276 quodque
820 2199 1019 2261 extenditur
1037 2201 1082 2262 ad
1101 2217 1217 2263 omnes
1237 2201 1431 2265 Confrater-

232 2300 369 2362 nitates.
407 2299 605 2362 Declaratio
619 2301 703 2362 haec
718 2301 865 2362 habetur
880 2301 917 2362 in
933 2303 1077 2363 Decreto
1095 2304 1293 2382 authentico
1309 2323 1342 2366 n.
1360 2304 1432 2382 379,

231 2403 413 2479 &Lat

274 2504 302 2564 1.
325 2504 390 2581 An,
411 2503 470 2581 qui
491 2503 559 2565 rite
578 2491 681 2566 semel
701 2504 870 2582 adscripti
892 2505 1080 2568 sodalitati
1102 2507 1302 2587 scapularis
1323 2511 1363 2571 B.
1385 2511 1431 2572 M.

231 2604 386 2682 Virginis
412 2605 454 2666 de
479 2606 595 2666 Monte
621 2604 786 2684 Carmelo,
812 2611 932 2686 postea
958 2609 1113 2670 habitum
1139 2627 1275 2675 sacrum
1303 2611 1432 2674 Sodali-

231 2706 317 2768 tatis
346 2707 562 2784 dimiserunt,
592 2710 778 2770 teneantur
805 2709 850 2770 ad
880 2725 1002 2771 novam
1033 2711 1124 2772 sacri
1154 2712 1293 2774 habitus
1323 2730 1432 2793 recep

230 2808 359 2869 tionem
386 2826 407 2870 a
432 2811 638 2888 potestatem
664 2808 819 2887 habente,
847 2811 877 2870 si
904 2811 1011 2873 velint
1039 2812 1279 2890 Indulgentiae
1305 2815 1432 2893 praeci·

231 2913 327 2971 tatae
349 2901 536 2972 Sodalitati
557 2928 579 2972 a
601 2909 997 2994 SummisPontificibus
1019 2929 1195 2976 concessas
1216 2915 1357 2993 lucrari,
1378 2917 1433 2978 vel

231 3029 278 3073 an
300 3011 456 3089 sufficiat,
480 3017 519 3073 ut
542 3012 697 3073 habitum
720 2997 856 3074 sacrum
878 3013 946 3091 ipsi
970 3014 1081 3075 denuo
1105 3019 1292 3092 resumant
1305 3017 1432 3097 simpli·

232 3113 341 3176 citer?
375 3114 422 3174 Et
437 3116 606 3191 quatenus
621 3113 777 3191 negative
792 3114 836 3176 ad
852 3115 981 3176 l-um.
1391 3167 1415 3192 „

274 3213 303 3274 2.
326 3215 505 3287 Quodnam
532 3215 696 3294 temporis
723 3214 873 3293 spatium
901 3233 922 3278 a
948 3216 1147 3279 dimissione
1175 3219 1314 3281 habitus
1340 3221 1432 3282 sacri

232 3316 439 3394 requiratur,
462 3319 501 3378 ut
524 3333 611 3378 nova
632 3316 781 3394 receptio
803 3335 824 3378 a
845 3319 1050 3395 potestatem
1073 3319 1219 3382 habente
1240 3323 1433 3384 necessaria

231 3417 303 3480 sit?

276 3505 382 3580 sacra
414 3517 642 3596 Oongregatio
673 3505 912 3596 Indulgentiis'
938 3518 1120 3598 Sacrisque
1150 3521 1305 3600 Reliquis
1337 3541 1430 3603 prae

232 3620 346 3696 posita
360 3621 404 3682 ad
420 3621 579 3698 praefata
594 3620 698 3681 dubia
713 3620 768 3702 die
782 3619 824 3680 27
839 3620 926 3697 Maji
942 3621 1025 3682 1857
1040 3623 1235 3702 respondit:

274 3723 328 3783 Ad
351 3723 489 3782 l-um:
521 3721 687 3798 Negative
717 3722 762 3782 ad
792 3721 937 3799 primam
969 3726 1113 3800 partem,
1144 3724 1356 3792 Affirmative
1386 3727 1432 3789 ad

231 3824 424 3885 secundam.

275 3925 328 3986 Ad
351 3925 488 3985 2-um:
521 3923 701 3986 Provisum
721 3923 758 3984 in
777 3923 897 4003 primo.

273 4026 412 4096 Pariter
423 4018 550 4081 Romae
563 4025 789 4096 repraehensa
801 4025 871 4081 tuit
883 4025 1000 4098 aliqua
1013 4025 1300 4107 Confraternitas‚
1314 4029 1352 4090 in
1365 4046 1432 4108 qua

231 4123 381 4184 invaluit
408 4139 502 4198 usus,
532 4122 622 4199 quod
651 4121 780 4199 singuli
810 4123 1002 4184 confratres
1032 4123 1178 4202 singulis
1208 4131 1309 4193 annis
1338 4150 1432 4205 prae

231 4223 364 4285 sentari
389 4240 425 4285 se
450 4223 610 4284 deberent
634 4223 852 4284 Moderatori'
870 4241 932 4303 pro
958 4223 1155 4286 reiteranda
1179 4226 1372 4304 receptione
1397 4232 1432 4291 et

230 4323 502 4404 adscriptione.⁹⁹

266 4507 446 4566 ”Berlngen
464 4507 520 4558 Les
538 4506 740 4564 indulgences
758 4509 829 4557 tom.
846 4507 885 4557 11.
901 4518 966 4565 pag.
985 4507 1027 4557 l'l.

266 4577 446 4637 ⁸’Beringea
464 4577 519 4628 Les
538 4576 740 4635 indulgencas,
757 4581 828 4628 tom.
846 4577 884 4634 11,
902 4588 967 4636 pag.
985 4577 1027 4628 65.
