3340 5170
255 447 293 504 44
511 447 562 505 De
580 446 919 520 Oootroteraitoiitae
935 447 1178 505 &eclesiasticis

297 643 366 704 Art
389 643 553 705 lla—De
577 644 654 724 jetro
676 661 718 706 ao
741 643 921 722 privilegio
945 643 1175 722 superiorum
1195 643 1412 706 Generaliam

379 746 546 808 Ordimtm
565 745 789 824 Repolorium
810 747 963 825 erigendi
984 745 1328 824 confraternitates?

297 878 352 939 Ad
369 878 571 940 erectionem
591 878 900 941 confraternitatis
918 878 1170 941 ecclesiasticae
1186 878 1381 940 'necessaria
1401 881 1454 939 est

257 981 394 1044 omnino
414 982 605 1043 auctoritas
624 982 810 1059 superioris
829 981 1063 1060 ecclesiastici,
1083 983 1136 1045 vel
1157 983 1311 1045 veravel
1332 981 1453 1044 saltem

254 1081 514 1160 praesumpta⁴⁵
565 1083 728 1160 Superior
755 1101 834 1147 vero
863 1083 1114 1147 ecclesiasticus
1142 1100 1212 1145 non
1241 1087 1293 1146 est
1323 1098 1454 1159 semper

254 1183 446 1262 Episcopus
454 1203 463 1263 ;
479 1188 592 1263 potest
606 1185 697 1247 enim
711 1203 784 1248 esse
797 1185 902 1248 etiam
917 1186 1074 1264 superior
1088 1186 1268 1264 regularis,
1283 1186 1314 1247 si
1328 1188 1454 1263 agatur

254 1286 297 1348 de
325 1286 577 1348 Sodalitatibus
604 1287 775 1365 erigendis
803 1288 1030 1366 inpropriis,
1058 1289 1111 1350 vel
1140 1287 1263 1349 alienis
1290 1287 1453 1365 ecclesiis,

255 1406 341 1466 quae
363 1389 525 1450 nimirum
546 1405 588 1450 ax
608 1389 775 1468 peculiari
798 1389 997 1468 Apostolico
1019 1389 1198 1467 privilegio
1209 1363 1374 1467 'erigendi
1395 1387 1453 1466 jus

254 1490 390 1552 habent.
637 1486 639 1495 ’

296 1594 372 1653 Non
393 1609 507 1654 omnes
527 1592 673 1654 Ordines
693 1592 845 1671 religiosi
865 1593 979 1655 ornati
1000 1595 1082 1656 sunt
1101 1593 1164 1655 hoc
1184 1592 1372 1672 privilegio,
1393 1592 1453 1654 sed

254 1694 463 1755 solummodo
486 1694 594 1772 aliqui
615 1694 831 1772 insigniores,
852 1711 983 1756 necnon
1005 1695 1141 1772 aliquae
1163 1694 1452 1774 Oongregationes

255 1795 454 1859 Saeculares
468 1795 632 1874 antiquae
645 1813 685 1858 ac
698 1795 934 1859 benemeritae.
970 1796 1135 1858 Diversae
1148 1813 1272 1858 musae
1286 1795 1452 1874 originem

253 1897 332 1959 huic
354 1897 533 1975 privilegio
553 1897 731 1960 dederunt
774 1898 970 1976 Aliquando
991 1898 1155 1960 motivum
1176 1897 1247 1960 tuit
1268 1897 1341 1977 hoc,
1362 1896 1452 1976 quod

254 1999 531 2062 Oontraternitas
546 2000 699 2062 eumdem
715 1999 895 2077 proposuit
909 1999 976 2061 sibi
991 1999 1092 2062 finem
1107 2016 1147 2062 ac
1163 1999 1255 2061 Ordo
1270 1997 1452 2077 religiosus

254 2101 530 2180 correspondens.
577 2148 585 2162 .
630 2149 637 2162 .
682 2149 689 2163 .
735 2102 801 2178 Ita,
815 2119 856 2163 ex
871 2118 910 2163 eo
926 2102 1016 2180 quod
1031 2101 1212 2162 Rosarium
1227 2102 1271 2162 ab
1286 2101 1362 2178 ipsa
1377 2099 1453 2162 Dei·

206 2215 208 2222 ’
252 2219 336 2278 pare
357 2202 501 2279 Virgine
523 2203 635 2265 Maria
657 2207 852 2282 porrectum
874 2203 945 2265 fuit
969 2201 1096 2266 Sancto
1120 2202 1310 2281 Dominico,
1332 2207 1368 2265 et
1391 2218 1452 2280 per

251 2305 350 2366 illum
368 2310 543 2383 tamquam
564 2306 738 2383 praetiosa
757 2305 952 2368 haereditas
971 2305 1213 2368 transmissum
1234 2323 1297 2368 suo
1317 2305 1451 2383 Ordini,

251 2406 396 2468 Romani
411 2407 605 2484 Pontifices,
621 2407 781 2469 benevolo
794 2407 908 2469 animo
922 2408 1017 2485 moti,
1032 2407 1215 2469 voluerunt
1230 2411 1270 2470 ut
1285 2406 1451 2486 quidquid
1578 2399 1581 2404 ’

252 2507 393 2586 respicit
412 2506 510 2570 ssmi
527 2508 664 2572 Rosarii
682 2507 1012 2571 Oontraternitatem
1030 2513 1240 2571 reservatum
1257 2509 1383 2572 fuisset
1399 2526 1452 2572 ex·

251 2610 379 2672 clusive
407 2609 575 2688 Magistro
603 2610 764 2672 Generali
791 2611 955 2672 Fratrum
982 2609 1304 2686 Praedicatorum.*⁸

294 2712 388 2774 idem
403 2712 583 2775 dicendum
598 2715 650 2773 est
666 2712 707 2774 de
723 2711 916 2774 Sodalitate
931 2711 1040 2774 Tertii
1055 2711 1197 2775 Ordinis
1213 2712 1247 2775 S.
1262 2711 1451 2790 Francisci,

221 2835 223 2842 ·
251 2814 293 2876 de
317 2813 613 2876 Oontraternitate
636 2815 677 2875 Β.
702 2814 746 2875 Μ.
771 2813 926 2892 Virginis
952 2814 993 2876 de
1017 2815 1134 2876 Monte
1159 2813 1324 2891 carmelo,
1349 2817 1385 2876 et
1409 2813 1451 2875 de

251 2915 547 2979 Contraternitate
569 2915 696 2978 SSmae
717 2915 912 2978 Trinitatis.

292 3018 488 3096 Aliquando
500 3035 579 3080 vero
591 3017 682 3079 ratio
695 3015 867 3097 privilegii
879 3016 962 3079 haec
975 3017 1055 3095 luit,
1069 3017 1157 3095 quod
1172 3017 1450 3080 Contraternitas

250 3137 313 3198 pro
328 3120 440 3198 prima
453 3119 526 3181 vice
538 3123 651 3181 erecta
666 3119 736 3180 tuit
750 3119 787 3181 in
803 3117 945 3182 ecclesia
960 3118 1109 3197 alicujus
1124 3120 1244 3182 domus
1260 3119 1449 3196 religiosae.

252 3221 391 3298 Semper
415 3225 541 3298 tamen,
564 3220 701 3299 quando
725 3220 940 3282 ascendimus
965 3221 1009 3282 ad
1034 3218 1201 3298 originem
1226 3220 1449 3282 erectionium

249 3324 373 3385 talium
388 3322 733 3399 Confraternitatum,
747 3322 939 3384 invenimus
953 3321 1104 3400 aliquam
1119 3323 1364 3401 particularem
1376 3340 1450 3384 con-

249 3425 434 3488 cessionem
449 3424 595 3486 Romani
609 3424 799 3502 Pontificis‚
815 3425 873 3504 qui
888 3424 960 3488 tale
974 3425 1070 3486 dedit
1085 3425 1311 3503 privilegium.
1348 3426 1449 3488 Hanc

251 3531 390 3606 propter
411 3527 576 3589 rationem
595 3523 731 3604 jnsnoc
750 3527 971 3604 Regularium
990 3527 1142 3605 erigendi
1162 3527 1449 3590 confrateritates

250 3629 447 3707 appellatur
468 3631 661 3708 delegatam
683 3647 703 3690 a
726 3628 762 3690 0.
784 3631 818 3690 J.
841 3628 1019 3690 Ferrari⁴²
1041 3633 1077 3691 et
1099 3646 1120 3691 a
1143 3629 1293 3692 Βοιιὶιιέ8
1335 3631 1389 3692 Ex
1409 3645 1449 3692 eo

248 3735 373 3808 tamen,
399 3732 488 3808 quod
512 3730 574 3792 hoc
598 3731 654 3808 jus
677 3730 890 3810 permanenti
915 3730 1014 3792 modo
1038 3747 1233 3793 concessum
1257 3733 1315 3810 sit,
1341 3731 1448 3795 Sacra

251 3834 477 3911 Oongmgatio
492 3832 526 3893 in
543 3851 611 3895 uno
626 3850 686 3894 suo
702 3833 837 3895 decreto
852 3831 919 3895 diei
936 3833 975 3894 16
990 3832 1080 3894 Julii
1095 3833 1177 3894 1887
1191 3850 1260 3896 non
1276 3835 1449 3897 dubitavit

247 3934 304 4010 J'us
319 3935 381 3995 hoc
396 3951 515 4020 vocare
529 3935 751 3997 ordinariam.
787 3935 842 3995 En
856 3935 1029 4013 ipsissima
1047 3933 1149 3997 Sacra
1164 3935 1448 4014 Gongregationis

248 4038 367 4099 verba:
408 4037 511 4099 “Piae
529 4038 694 4115 quaedam
715 4037 924 4099 sodalitates
943 4037 1047 4099 sicuti
1066 4056 1087 4099 a
1105 4038 1333 4116 Regularibua
1352 4037 1449 4101 Ordi-

249 4138 349 4200 nibus
373 4156 470 4200 suam
494 4142 654 4216 repetunt
677 4138 907 4216 existentiam,
929 4139 981 4201 ita
1004 4139 1198 4200 earumdem
1222 4141 1348 4202 erectio
1371 4141 1449 4220 jure

282 4288 387 4338 “Rota
405 4287 437 4337 in
455 4287 641 4345 Pistoriensl,
659 4286 692 4337 13
709 4285 776 4338 Jan.
795 4285 863 4337 1738
881 4298 981 4337 eoram
998 4287 1077 4337 vals.

282 4359 300 4384 ‘⁸
310 4356 340 4405 P.
358 4355 494 4414 Rousset,
511 4355 630 4406 Manuel
647 4355 686 4405 du
704 4354 765 4405 tres
781 4354 862 4406 saint
879 4355 1012 4413 Roeaira
1029 4368 1055 4415 p.
1074 4353 1133 4406 132.

281 4424 339 4475 ‘'c.
358 4422 385 4474 J.
404 4423 533 4482 Ferrarl,
553 4424 675 4474 Samma
692 4425 787 4474 instit.
806 4435 869 4474 ean.
888 4425 908 4473 t.
929 4423 946 4474 l.
966 4435 1030 4484 pag.
1050 4423 1108 4474 245.

247 4492 414 4610 11⁴·Bouix,
433 4494 469 4544 de
487 4492 640 4553 Episcopo,
660 4494 728 4544 tom.
750 4491 788 4551 ΙΙ,
807 4494 882 4552 part.
902 4491 926 4551 5,
945 4505 1007 4552 cap.
1027 4493 1134 4552 XXXI,
1152 4505 1268 4553 paragr.
1290 4495 1315 4552 1,
1334 4496 1447 4556 quaest.

278 4574 313 4611 -a
