3340 5170
230 409 268 468 54
487 413 537 470 De
556 412 895 485 donfrotcroitctc'bea
910 413 1153 472 Ecclesiasticia

229 612 274 674 ad
296 610 434 673 2-um:
480 613 692 675 “Dummodo
716 613 926 677 Sodalitates
948 615 1021 678 sint
1044 615 1205 678 cononice
1227 621 1369 695 erectae,
1392 619 1429 679 et

227 712 361 775 sodales
380 713 592 793 adimpleant
610 731 714 794 opero
731 715 891 794 injuncta
905 709 932 779 'a
952 716 1101 779 Summis
1119 717 1346 782 Pontificibus
1365 735 1428 798 pro

228 814 406 878 lucrandis
435 815 662 895 indulgentiis
692 834 775 880 suae
805 818 1015 896 respectivae
1044 818 1336 882 Oonfrateruitati
1368 821 1425 882 ad·=

227 916 335 994 nexis,
357 917 534 997 ipsiusque
554 917 688 981 sodales
711 919 861 998 legitime
884 921 1053 999 adscripti
1072 920 1205 998 inerim
1226 921 1264 982 in
1286 921 1428 985 Oonfra·

228 1019 437 1098 ternitatem,
468 1019 719 1084 inobservantia
748 1020 908 1098 partialis
938 1039 999 1084 seu
1026 1021 1131 1084 etiam
1160 1023 1329 1100 generalis
1357 1040 1424 1084 nou

226 1121 322 1183 obest
340 1121 561 1200 acquisitioni
578 1122 904 1201 indulgentiarum.'’
947 1170 956 1186 .
1000 1170 1007 1185 .
1053 1170 1060 1186 .

268 1223 299 1284 2.
320 1222 483 1302 Receptio
521 1223 559 1285 in
598 1223 749 1303 aliquam
790 1225 1121 1288 Gontraternitatem
1160 1226 1426 1289 ecclesiasticam

225 1324 330 1388 babet
360 1326 543 1404 quamdam
568 1325 771 1402 analogiam
802 1342 880 1388 cum
913 1327 1123 1404 professione
1156 1327 1313 1406 religosa,
1345 1328 1427 1405 quia

227 1427 414 1504 praesefert
452 1427 715 1491 similitudinem
753 1427 902 1508 alicuius
940 1432 1139 1493 contractus
1177 1447 1276 1508 quem
1314 1431 1428 1494 facere

226 1528 378 1596 intendit
405 1528 464 1607 qui
492 1528 783 1593 Oonfraternitati
811 1548 884 1594 sese
911 1532 1104 1595 adscribere
1131 1532 1315 1596 desiderat.
1365 1535 1426 1596 Uti

226 1646 307 1709 ergo
326 1630 364 1692 in
384 1630 579 1710 recipiendo
598 1632 643 1694 ad
662 1632 907 1711 professionem
928 1633 1087 1712 aliquem,
1107 1634 1200 1696 Ordo
1220 1636 1273 1697 vel
1293 1635 1426 1714 Religio

226 1733 326 1794 debet
345 1748 407 1811 per
424 1732 614 1810 legitimum
635 1734 850 1810 praesentari
872 1734 1099 1814 Superiorem,
1120 1735 1180 1814 qui
1199 1737 1426 1815 receptionem

226 1831 387 1913 excipiat,
412 1833 464 1896 ita
488 1833 622 1913 pariter
646 1850 710 1913 pro
734 1835 928 1914 receptione
953 1837 1032 1897 novi
1060 1836 1196 1899 Sodalis
1222 1838 1260 1900 iu
1287 1838 1426 1900 Confra-

226 1935 426 1998 ternitatem
443 1935 634 2014 requiritur
649 1936 824 2014 legitimus
843 1936 1016 2016 Superior.
1056 1939 1106 2000 Ac
1123 1939 1263 2000 tandem
1280 1939 1372 2002 sicut
1389 1940 1427 2000 iu

226 2038 303 2115 iure
316 2037 486 2099 communi
500 2054 568 2098 non
581 2055 712 2116 paucae
725 2038 973 2101 determinatae
987 2042 1070 2101 sunt
1083 2040 1325 2118 formalitater,
1340 2058 1427 2120 quae

226 2137 418 2202 necessario
441 2138 571 2200 servari
593 2140 717 2201 debent
737 2140 776 2200 in
797 2139 959 2218 religiosa
981 2141 1192 2219 professione
1215 2141 1425 2221 excipienda,

225 2241 342 2303 eodem
368 2241 467 2302 modo
493 2240 727 2319 praescriptae
752 2244 834 2303 sunt
860 2241 1046 2304 nonnullae
1071 2242 1313 2328 formalitates,
1339 2261 1426 2322 quae

226 2341 418 2436 necessario
440 2341 570 2404 servari
591 2342 716 2408 debent
736 2343 775 2404 in
797 2342 1030 2421 adscriptione
1052 2342 1203 2406 fidelium
1225 2345 1263 2406 in
1286 2345 1426 2409 Confra-

226 2443 436 2507 ternitatem.
478 2445 622 2506 Necesse
641 2446 693 2506 est
713 2443 769 2506 hic
789 2459 869 2523 ergo
889 2444 1134 2508 determinare:
1182 2446 1235 2522 (o)
1262 2447 1306 2508 ad
1328 2462 1426 2525 quem

226 2549 357 2624 spectet
374 2562 477 2607 novos
497 2545 637 2609 Sodales
653 2546 691 2607 in
709 2544 1039 2608 Gonfraternitatem
1057 2547 1224 2625 recipere;
1250 2548 1305 2624 (d)
1329 2565 1427 2626 quae

226 2665 305 2710 nam
329 2647 562 2710 formalitates
585 2647 719 2709 sintin
743 2647 937 2723 receptione
961 2646 1137 2709 Sodalium
1163 2650 1359 2726 servandae,
1384 2650 1426 2711 de

226 2750 350 2828 quibus
376 2750 413 2810 in
441 2747 589 2811 articulo
616 2749 675 2809 111
702 2749 889 2826 separatim
917 2747 1100 2826 disseram3
1136 2749 1189 2825 (b)
1221 2750 1361 2828 quinam
1388 2751 1425 2811 in

227 2851 556 2914 Goufraternitatem
569 2849 675 2929 recipi
688 2849 840 2928 possint3
860 2850 909 2925 (c)
928 2849 1069 2928 quinam
1081 2849 1187 2930 recipi
1200 2868 1268 2912 non
1281 2850 1426 2930 possint.

297 2983 349 3060 (c)
380 2983 435 3045 Ad
452 3000 549 3060 quero
560 2988 694 3058 spectet
709 2999 811 3045 occos
827 2982 969 3045 Sodoles
983 2984 1021 3044 io
1036 2983 1364 3060 Oonsrcteroc'tctem

744 3101 903 3164 recepere.

269 3219 298 3279 1.
321 3218 445 3280 Omnes
475 3218 788 3282 Gonfraternitates
818 3219 980 3283 canonice
1008 3225 1141 3284 erectae
1170 3241 1269 3285 suurn
1300 3225 1426 3286 habent

225 3321 448 3399 Directorem,
466 3321 565 3398 cujus
582 3321 784 3400 designatio,
801 3322 854 3384 uti
871 3323 942 3400 jam
959 3322 1117 3402 vidimus,
1135 3328 1269 3403 spectat
1287 3326 1331 3388 ad
1347 3325 1426 3403 Epi·

226 3439 365 3501 scopum
387 3424 439 3484 vel
462 3424 506 3485 ad
531 3423 746 3502 Superiorem
768 3425 981 3502 Regularem,
1005 3425 1036 3486 si
1060 3429 1186 3504 agatur
1209 3428 1251 3489 de
1274 3427 1426 3490 ecclesiis

226 3524 407 3603 religiosis.
442 3525 580 3588 Pariter
592 3542 707 3588 omnes
720 3525 966 3589 associationes
979 3528 1022 3590 ab
1035 3527 1267 3592 ecclesiastica
1281 3530 1427 3592 auctori·

227 3629 301 3690 tate
314 3628 525 3706 approbatae
540 3629 687 3689 subsunt
702 3644 834 3706 semper
850 3627 955 3690 alicui
971 3628 1164 3708 directioni,
1181 3630 1281 3709 cujus
1294 3631 1427 3694 formae

167 3719 169 3724 ’
227 3745 267 3791 ac
294 3727 553 3807 praerogativae
580 3729 733 3791 diversae
760 3732 842 3791 runt
869 3730 970 3808 juxta
996 3729 1133 3793 diversa
1158 3732 1426 3803 associationum

226 3834 371 3892 statuta.
419 3829 594 3907 Quidquid
618 3830 675 3908 sit,
701 3831 746 3892 ad
772 3830 984 3892 Directorem
1010 3836 1103 3893 certo
1129 3837 1263 3911 spectat
1290 3833 1426 3896 nomine

227 3931 536 4018 Oonfraternitatis
567 3949 675 4010 agere.
726 3933 820 4010 Ergo
850 3933 894 3994 ad
924 3933 1023 3994 illum
1053 3933 1158 3996 etiam
1188 3936 1339 4012 pertinet
1368 3937 1425 4015 jus

227 4032 415 4112 recipiendi
438 4033 476 4094 in
501 4032 727 4096 Sodalitatem
752 4050 809 4095 eos
833 4033 891 4113 qui
915 4051 988 4096 sese
1012 4036 1204 4098 adscribere
1228 4037 1426 4100 desiderant

226 4135 351 4214 quique
364 4134 514 4198 adscribi
527 4152 595 4197 non
609 4135 854 4212 impediuntur.
889 4135 963 4197 Hoc
976 4137 1033 4215 jus
1047 4136 1277 4215 inseparabile
1290 4138 1427 4201 videtur

227 4238 271 4300 ad
289 4236 734 4332 ipsotitulo'Directoris.⁸²
1334 4258 1335 4262 ¹

269 4340 311 4400 In
326 4337 502 4400 nonnullis
516 4338 649 4416 magnis
664 4337 1019 4400 Confraternitatibus
1033 4339 1194 4402 Director
1207 4358 1306 4403 suum
1321 4341 1427 4405 etiam

260 4521 449 4574 “canonista
465 4521 714 4581 contemperatus,
730 4520 788 4572 vol.
806 4521 847 4579 13,
865 4532 930 4581 pag.
948 4520 1008 4573 tot.
