3336 5166
229 367 267 428 72
486 365 536 424 Dc
555 363 894 438 confraternitatibns
910 360 1154 420 Ecclesiasticia

272 562 414 644 Duplici
438 566 576 626 tantum
602 562 641 625 in
667 579 750 624 casu
776 561 955 624 reiteratio
982 559 1202 624 admissionis
1229 563 1265 622 et
1289 559 1430 638 inscrip

228 667 336 730 tionis
352 669 405 729 est
421 664 630 744 necessaria:
658 661 709 742 1⁰,
725 663 861 743 quando
876 662 1006 725 sodalis
1024 661 1221 741 Scapulare,
1238 660 1430 724 cincturam

231 774 267 833 et
283 769 384 847 signa
400 765 706 831 confraternitatis
723 765 890 843 dimittat,
910 768 946 828 et
961 764 1107 844 positive
1124 781 1165 826 ac
1181 762 1342 841 explicite
1359 759 1431 841 iuri

218 869 541 934 confraternitatis
562 867 755 945 renuntiet;
777 864 829 945 2⁰,
850 867 882 928 si
901 885 923 930 a
943 866 1100 946 legitima
1120 865 1330 928 auctoritate
1352 864 1430 944 legi·

230 972 314 1036 time
330 972 378 1034 sit
394 971 558 1050 expulsus
574 988 596 1033 a
613 967 962 1032 commternitate.¹⁰⁰

512 1122 590 1184 Art.
608 1120 742 1185 V.-De
758 1120 955 1198 eupuntone
972 1120 1150 1184 sedatium

272 1257 327 1320 Ex
343 1257 432 1320 Albo
451 1255 656 1319 Sodalitatis
673 1256 796 1318 merito
813 1260 1059 1336 expunguntur
1076 1256 1130 1318 illi
1149 1256 1293 1334 sodales,
1312 1255 1371 1335 qui
1388 1255 1431 1318 ab

231 1359 397 1423 instituto
420 1357 636 1437 desciverint,
660 1357 800 1438 praevia
823 1361 941 1420 tamen
964 1357 1198 1420 admonitione
1221 1357 1433 1435 narratisque

231 1461 377 1525 statutis
388 1464 424 1524 et
435 1461 531 1524 salvo
543 1460 621 1539 jure
633 1477 792 1522 recursus
806 1461 852 1522 ad
865 1459 1089 1522 ordinarium
1110 1460 1262 1538 (quando
1276 1458 1432 1537 expulsio

232 1564 328 1627 facta
352 1562 461 1625 fuerit
486 1580 507 1625 a
533 1561 750 1626 Moderatore
776 1561 1014 1640 Sodalitatis).
1062 1562 1210 1624 Omnino
1235 1561 1434 1624 dimittendi

233 1668 317 1728 sunt
337 1664 482 1741 sodales,
505 1663 564 1743 qui
585 1664 630 1754 in¹
646 1663 713 1726 ilde
734 1667 770 1726 et
790 1663 942 1726 moribus
964 1663 1214 1726 contumaciter
1235 1667 1318 1726 sunt
1339 1681 1433 1726 scan-

233 1766 354 1846 dalosi,
375 1784 405 1828 v.
425 1783 475 1845 gr.
495 1763 731 1830 concubinarii
750 1769 786 1829 et
804 1764 1082 1843 francomurarii,
1102 1781 1143 1828 ac
1163 1781 1237 1828 sese
1254 1765 1435 1828 emendare

233 1872 269 1932 et
304 1867 505 1931 scandalum
541 1883 704 1947 reparare
737 1866 951 1930 ιιιιιιιιιιιιι.101
1009 1865 1072 1928 Uti
1108 1867 1228 1955 regula
1264 1865 1434 1945 generalis

234 1969 424 2048 requiritur
438 1986 570 2048 semper
584 1985 689 2032 causa
703 1968 809 2048 iusta.

276 2070 421 2146 Quando
448 2070 726 2134 confraternitas
752 2069 945 2132 constituta
969 2073 1023 2132 est
1048 2071 1255 2133 admodum
1280 2069 1435 2149 organici

235 2173 398 2252 corporis,
423 2176 508 2236 tunc
534 2171 723 2253 generatim
747 2171 917 2250 loquendo
943 2171 1042 2234 adest
1066 2189 1199 2251 semper
1225 2173 1435 2234 consuetudo

235 2275 341 2339 dandi
356 2276 445 2338 tales
460 2273 676 2336 dimissiones
690 2273 729 2335 in
742 2272 892 2336 comitiis
907 2272 1133 2352 generalibus.

279 2377 322 2440 In
347 2375 426 2440 aliis
452 2394 530 2440 vero
557 2374 919 2454 c0nfratemitatibus,
943 2377 1081 2438 statuta
1105 2375 1182 2453 ipso
1207 2375 1279 2439 fere
1305 2392 1437 2454 semper

235 2478 468 2544 determinant
485 2478 622 2540 modum
641 2479 707 2556 quo
727 2476 882 2540 dimissio
900 2477 948 2540 sit
966 2479 1168 2556 peragenda.

277 2579 416 2643 Pariter
441 2580 480 2641 in
505 2579 592 2658 ipsis
619 2578 764 2644 statutis
790 2579 890 2658 quasi
917 2595 1050 2658 semper
1075 2579 1276 2643 iudicantur
1301 2598 1436 2661 causae,

236 2686 378 2762 propter
402 2699 489 2760 quas
515 2681 590 2744 fieri
616 2683 730 2760 potest
755 2681 809 2743 vel
834 2681 934 2744 debet
959 2681 1124 2744 dimissio.
1175 2681 1357 2744 Sciendum
1383 2686 1437 2746 est

235 2786 362 2861 autem,
381 2783 472 2862 quod
492 2783 556 2845 hae
574 2799 698 2845 causae
717 2799 786 2844 non
805 2786 888 2846 sunt
906 2783 1061 2846 taxative
1081 2784 1287 2862 propositae,
1308 2788 1344 2847 et
1364 2774 1437 2864 pos·

236 2888 319 2948 sunt
344 2883 422 2947 dari
446 2885 576 2947 multae
601 2883 693 2946 aliae
718 2900 851 2961 causae,
877 2887 1020 2963 propter
1045 2902 1131 2963 quas
1157 2885 1313 2948 dimissio
1340 2885 1437 2965 sequi

236 2985 357 3064 possit,
369 2983 451 3048 lieet
465 2985 503 3046 iu
516 2984 661 3047 statutis
672 3002 742 3046 non
756 2986 1016 3063 comprehensae
1029 3002 1090 3048 seu
1103 3003 1174 3047 nou
1186 2985 1438 3066 contemplatae

237 3088 319 3150 sint.
659 3097 660 3102 ’

279 3188 378 3262 Quod
400 3190 534 3267 spectat
555 3203 635 3250 vero
656 3187 910 3266 auctoritatem,
933 3206 955 3251 a
977 3207 1045 3268 qua
1066 3190 1223 3269 expulsio
1244 3191 1438 3255 executioni

237 3289 396 3353 mandari
422 3293 547 3369 potest,
573 3291 655 3352 haec
680 3290 808 3369 triplex
835 3290 1075 3369 distinguitur,
1103 3308 1222 3371 nempe
1250 3293 1437 3373 cougrega-

237 3392 349 3456 tiones
372 3393 555 3470 Romanae,
579 3391 796 3469 ordinarius,
819 3393 910 3470 quod
934 3392 1111 3458 rarissime
1133 3393 1271 3473 accidit,
1294 3398 1330 3457 et
1355 3396 1438 3459 con·

237 3493 479 3558 fraternitates
496 3493 644 3571 ipsae.²⁰²
753 3491 756 3497 ’

281 3594 570 3674 congregationes
591 3595 765 3658 Romanae
787 3597 931 3658 ornatae
952 3599 1035 3660 suut
1056 3596 1226 3661 facultate
1247 3599 1439 3678 expellendi

238 3699 389 3762 sodalem
410 3715 432 3760 a
453 3697 691 3776 qualicumque
713 3695 915 3760 sodalitate.
957 3698 1084 3760 Verum
1104 3700 1167 3776 est,
1190 3701 1280 3777 quod
1299 3704 1439 3764 tantum

238 3799 416 3864 rarissime
441 3815 524 3862 usae
550 3801 632 3860 sunt
659 3799 723 3860 hac
749 3797 928 3875 facultate,
955 3799 1014 3860 sed
1042 3800 1172 3861 dantur
1198 3818 1298 3864 casus
1325 3801 1439 3881 expul-

238 3901 374 3965 sionum
390 3919 411 3964 a
428 3900 543 3964 Sacris
561 3898 890 3978 congregationibus
907 3901 1178 3978 peractarum.¹⁰⁸

274 4065 460 4117 ¹⁰⁰li'erreres,
475 4075 521 4118 op.
538 4059 587 4110 eit.
603 4071 684 4110 uum.
701 4058 761 4126 154.

273 4126 424 4186 wmarus,
441 4139 487 4186 op.
504 4127 554 4178 uit.
570 4128 633 4179 Vol.
650 4127 705 4185 111,
721 4139 750 4178 n.
767 4127 827 4178 714.
856 4139 859 4143 ·

273 4195 420 4254 ¹⁰¹Tachy,
439 4207 485 4255 op,
503 4195 553 4247 cit.
572 4208 600 4246 ιι.
620 4195 679 4246 241.
880 4196 883 4202 ’

275 4264 303 4294 ¹⁶·
311 4263 463 4322 Analecta,
479 4264 547 4320 XII,
563 4275 628 4323 rag.
646 4263 706 4322 112,
722 4277 750 4316 n.
768 4263 828 4323 457,
846 4265 874 4316 S.
891 4265 921 4317 0.
938 4266 998 4317 Elii.
1012 4270 1043 4318 et
1059 4267 1121 4318 Ra,
1137 4281 1165 4318 ιι.
1183 4268 1199 4319 7
1217 4269 1295 4328 sept.
1312 4270 1390 4330 1770,
1407 4271 1441 4322 in

240 4331 422 4383 Maceraten:
472 4333 582 4384 “Sacra
608 4332 813 4392 congregatio,
840 4334 878 4384 ad
905 4345 993 4394 quam
1022 4336 1131 4387 ssmus
1159 4338 1305 4389 Dominus
1331 4340 1441 4392 Noster

239 4399 413 4459 huiusmodi
438 4411 559 4452 causmn
585 4400 703 4453 remisit
728 4414 795 4452 cum
821 4401 959 4454 omnibus
985 4403 1181 4457 facultatibus
1205 4408 1384 4460 necessariis
1410 4402 1441 4460 et

240 4467 425 4527 opportunis,
451 4469 528 4520 visis
553 4469 699 4529 videndis,
726 4469 924 4524 consideratis
951 4472 1176 4526 considerandis
1202 4488 1237 4527 ac
1264 4489 1297 4528 re
1323 4481 1441 4530 mature
