3340 5170
483 409 533 465 De
553 407 891 480 confraternitatibao
908 405 1150 464 Ecclesiasticia
1390 403 1427 460 11

461 609 539 671 Art.
553 609 697 671 IL-De
711 613 840 672 reaturo
854 609 1190 688 Oonfroteroitotum

271 726 400 787 Nomen
427 724 735 788 confraternitatis
760 726 798 787 in
822 726 900 806 jure
925 743 995 788 non
1019 743 1151 805 semper
1174 726 1291 788 eodem
1316 726 1426 802 modo,

228 827 286 889 sed
309 827 495 905 aliquando
514 827 632 906 latius,
655 827 841 906 aliquando
863 827 1021 892 strictius
1044 827 1203 890 sumitur.
1248 826 1340 888 Hinc
1362 829 1425 902 ost,

228 930 317 1007 quod
338 945 439 1006 saepe
459 929 497 990 in
516 929 593 1008 jure
614 928 805 1008 promiscue
825 929 1032 992 adhibentur
1052 928 1230 1008 sequentia
1251 928 1426 1005 vocabula,

228 1030 280 1092 uti
305 1030 376 1108 jam
401 1023 565 1092 vidimus:
613 1031 901 1109 confraternitas,
928 1029 987 1109 pia
1011 1031 1111 1108 Unio,
1138 1029 1365 1107 consociatio,
1391 1031 1427 1091 et

227 1133 298 1195 alia
312 1131 517 1210 huiusmodi.

268 1234 451 1295 Latissime
472 1232 582 1312 igitur
604 1237 742 1312 sumpta
766 1233 1044 1296 Confraternitas
1066 1236 1120 1295 est
1142 1232 1327 1295 associatio
1350 1231 1426 1293 fide

227 1335 311 1396 lium
334 1337 379 1397 ad
399 1336 564 1413 quaedam
586 1335 728 1415 pietatis
749 1340 784 1397 et
806 1333 966 1398 caritatis
987 1351 1091 1413 opera
1111 1335 1307 1397 exercenda.
1351 1335 1426 1396 Hoc

227 1437 265 1497 in
279 1454 381 1498 sensu
394 1438 498 1499 etiam
513 1438 591 1516 piae
605 1437 756 1500 Uniones
772 1437 1085 1500 confraternitates
1100 1436 1169 1498 dici
1184 1435 1353 1516 possunt.⁸

269 1539 385 1600 Minus
406 1539 477 1600 late
497 1543 636 1618 sumpta
658 1539 936 1601 confraternitas
958 1538 1045 1600 dicit
1066 1538 1328 1600 associationem
1350 1537 1427 1598 fide

227 1641 311 1708 lium
338 1641 383 1702 ad
408 1641 574 1719 quaedam
600 1641 742 1720 pietatis
768 1644 804 1703 et
830 1639 1013 1703 charitatis
1038 1657 1143 1719 opera
1169 1640 1356 1702 exercenda
1382 1639 1427 1701 ad

228 1743 364 1804 modum
385 1743 563 1822 cujusdam
582 1743 653 1804 veri
673 1742 807 1822 collegii
826 1741 1036 1804 institutam.
1079 1743 1121 1802 In
1141 1743 1203 1803 hoc
1223 1758 1326 1804 sensu
1345 1740 1427 1804 con·

228 1844 469 1906 fraternitates
493 1843 758 1922 distinguuntur
781 1862 803 1907 a
826 1842 907 1923 piis¹
920 1843 1122 1920 Uniombus,
1147 1843 1215 1922 piis
1240 1843 1427 1922 Congrege-

228 1946 391 2023 tionibus,
406 1951 442 2007 et
456 1945 536 2008 aliis
550 1946 721 2030 similibus
736 1945 919 2023 sodalitiis,
934 1962 1021 2024 quae
1035 1945 1161 2007 laxiori
1175 1949 1313 2006 tantum
1328 1944 1428 2005 modo

228 2047 348 2110 sociali
373 2047 508 2109 vinculo
532 2047 750 2125 colligantur,
774 2064 835 2109 nec
859 2051 1005 2127 possunt
1028 2063 1105 2109 vere
1129 2047 1198 2108 dici
1222 2047 1427 2109 admodum

228 2149 382 2226 organici
398 2149 550 2228 corporis
567 2149 787 2211 constitutae.

272 2251 400 2312 Stricte
421 2267 500 2313 vero
519 2256 658 2329 sumpta
680 2250 958 2314 confraternitas
980 2253 1033 2312 est
1054 2249 1220 2312 laicorum
1243 2248 1428 2312 associatio

228 2352 402 2414 Ecclesiae
419 2351 629 2414 auctoritate
648 2352 839 2414 constituta
857 2353 903 2414 ad
920 2351 1086 2430 quaedam
1105 2351 1248 2428 pietatis
1266 2353 1302 2412 et
1321 2350 1428 2412 chari·

228 2455 315 2516 tatis
344 2470 447 2532 opera
478 2455 664 2516 exercenda
694 2457 730 2516 et
758 2453 796 2514 in
826 2457 1047 2530 augmentum
1078 2453 1207 2532 publici
1238 2453 1353 2515 cultus
1384 2452 1428 2514 ad

229 2556 365 2617 modum
382 2554 535 2633 organici
553 2556 706 2634 corporis
722 2556 924 2618 constituta.

271 2657 335 2718 llst
352 2673 433 2734 ergo
451 2657 572 2720 stricte
590 2661 729 2736 sumpta
748 2656 1027 2719 confraternitas
1047 2656 1231 2719 associatio
1250 2656 1427 2731 laicorum,

230 2759 319 2837 quia,
338 2759 492 2836 quamvis
509 2759 626 2820 clerici
643 2777 664 2821 a
682 2758 1036 2821 confraternitatibus
1054 2775 1123 2819 non
1140 2757 1378 2825 excludantur,
1397 2755 1425 2818 si

230 2863 344 2922 tamen
361 2860 399 2920 in
415 2860 460 2921 iis
477 2864 610 2938 partem
628 2861 764 2938 habent,
781 2878 850 2921 non
867 2859 921 2921 uti
938 2859 1054 2922 clerici
1071 2859 1221 2921 habent!

273 2962 395 3039 Itaque
426 2960 749 3039 confraternitates,
779 2962 914 3023 ratione
944 2963 1170 3022 membrorum
1200 2960 1323 3039 quibus
1354 2977 1428 3022 con·

229 3067 325 3126 stant
347 3065 482 3142 (nempe
496 3081 537 3124 ex
552 3063 707 3141 personis
722 3061 822 3125 laicis
837 3063 959 3125 saltem
974 3063 1098 3141 majori
1113 3062 1150 3123 in
1166 3063 1298 3141 parte),
1314 3061 1428 3123 dicun·

230 3168 289 3226 tur
308 3162 457 3242 laicales,
474 3167 510 3227 et
527 3181 588 3243 per
606 3166 693 3226 hanc
711 3165 865 3227 voculam
885 3153 1149 3242 distinguuntur
1168 3182 1189 3226 a
1208 3163 1298 3225 clero
1316 3179 1428 3224 saecu·

221 3267 288 3327 lari
301 3271 335 3327 et
348 3265 508 3344 regulari.
522 3265 669 3328 Ratione
681 3281 760 3328 vero
771 3265 988 3344 fondationis
1001 3264 1165 3327 dicuntur
1178 3262 1429 3326 ecclesiastieae-

230 3373 398 3446 quatenus
415 3387 436 3430 a
453 3367 607 3447 legitima
624 3368 833 3431 auctoritate
850 3368 1082 3431 ecclesiastica
1099 3372 1231 3430 erectae
1249 3372 1340 3429 sunt.
1381 3367 1429 3428 Ut

229 3471 346 3548 aliqua
361 3487 442 3548 ergo
460 3469 737 3532 Confraternitas
754 3469 823 3532 dici
840 3470 950 3548 possit
967 3469 1199 3532 ecclesiastica
1215 3469 1428 3532 necessarius

230 3577 281 3634 est
295 3571 447 3634 directus
461 3575 496 3634 et
509 3571 667 3634 formalis
681 3573 896 3634 interventus
911 3571 1099 3634 Ordinarii.
1136 3570 1323 3633 Deficiente
1338 3570 1428 3633 enim

231 3674 295 3735 tali
318 3673 496 3736 Ordinarii
520 3673 716 3736 interventu
742 3673 949 3736 Sodalitium
972 3677 1063 3735 esset
1086 3676 1223 3735 tantum
1247 3672 1370 3734 laicale
1394 3675 1429 3733 ct

231 3792 299 3836 non
318 3775 595 3837 ecclesiasticum.
637 3775 735 3837 Unde
755 3775 912 3836 Ferraria
930 3773 1047 3836 dicit2⁸
1078 3774 1186 3836 “Illae
1205 3777 1287 3834 sunt
1307 3773 1429 3835 deinde

215 3877 545 3947 ,eontraternitates
568 3877 719 3955 laicales,
743 3893 830 3955 quae
854 3876 981 3954 absque
1003 3875 1167 3953 Episcopi
1189 3875 1329 3936 formali
1354 3891 1429 3936 auc·

231 3978 375 4040 toritate
395 3981 477 4039 sunt
497 3983 639 4054 erectae,
658 3994 811 4056 quaeque
830 3995 851 4039 a
871 3977 971 4039 laicis
991 3976 1167 4054 fundatae,
1188 3994 1210 4038 a
1229 3976 1329 4037 laicis
1350 3975 1429 4036 diri-

232 4084 361 4155 guntur
394 4083 430 4142 et
463 4079 785 4141 administrantur.”
831 4079 992 4156 Idemque
1024 4077 1097 4140 fere
1131 4093 1193 4138 nos
1227 4077 1325 4138 docet
1360 4093 1429 4137 una
1483 4131 1486 4136 .

231 4181 357 4243 decisio
378 4179 503 4243 Sacrae
521 4181 694 4243 Romanae
713 4181 831 4258 Rotae,
851 4180 910 4242 ubi
928 4179 1060 4241 indicat
1079 4179 1177 4240 nobis
1196 4178 1344 4241 medium
1364 4194 1430 4256 quo

231 4299 426 4310 ...n—...-

266 4330 384 4388 ⁸0⁴etti
413 4327 555 4388 synopsis
580 4329 691 4378 Rerum
717 4324 876 4379 Moralium
900 4327 931 4376 et
957 4322 1040 4375 Juris
1066 4322 1224 4380 Pontlucss,
1250 4323 1283 4373 V.
1309 4322 1430 4373 contra·

231 4399 367 4494 tarnitas.

266 4467 429 4591 ‘IFIc'rraria
448 4547 492 4593 op.
511 4534 570 4590 clt„
588 4534 621 4591 V,
641 4532 888 4588 confraternitas,
907 4533 962 4582 art.
983 4531 1006 4580 1.
1026 4587 1027 4590 Ἴ
