3340 5170
747 793 896 856 CAPUT
915 795 954 855 II

561 929 603 972 bn
620 927 758 973 oulsmn
776 927 1132 974 coNruArnrmrsrurr
1243 893 1246 908 Ι

294 1027 323 1086 1.
346 1026 513 1089 Auctores
534 1027 593 1104 qui
614 1028 655 1090 de
677 1027 1031 1091 Oonfraternitatibus
1052 1032 1218 1107 tractant,
1239 1029 1338 1092 valde
1357 1030 1450 1092 inter

251 1144 288 1190 se
313 1127 511 1206 discrepant
535 1127 574 1188 in
599 1129 806 1207 assignando
832 1146 924 1191 anno
949 1130 1052 1192 immo
1077 1131 1224 1209 saeculo,
1251 1131 1307 1193 eui
1332 1149 1449 1194 earum

252 1229 349 1307 origo
376 1229 602 1292 adscribenda
630 1231 687 1292 sit.
737 1232 908 1293 Muratori
936 1231 975 1292 in
1003 1248 1066 1293 suo
1090 1235 1248 1294 tractatu
1275 1234 1348 1294 “De
1374 1234 1450 1294 Piis

251 1332 432 1394 botrorum
459 1331 835 1409 Ooosraternitotibar’
859 1333 985 1395 asserit
1011 1332 1325 1396 confraternitates
1350 1334 1450 1412 origi-

251 1450 327 1495 nem
349 1450 446 1494 suam
468 1433 658 1495 barbaricis
679 1434 890 1511 temporibus
911 1434 1041 1496 debere.
1082 1435 1139 1495 En
1159 1435 1261 1496 verba
1282 1452 1342 1513 per
1363 1451 1450 1513 quae

251 1534 406 1596 exoritur
431 1534 506 1611 eius
532 1535 743 1596 Dissertatio
772 1535 1171 1615 Septaopesirurqaioto:
1199 1536 1335 1613 “Neque
1362 1535 1450 1598 insa·

250 1635 383 1697 lutatas
397 1636 591 1714 praeteribo
603 1637 679 1714 pias
692 1637 867 1699 hominum
881 1638 1109 1700 saecularium
1125 1638 1449 1715 confraternitates,

250 1754 336 1815 quas
366 1738 500 1815 (vulgo)
531 1738 799 1816 Ooosroteroite,
822 1739 1040 1817 Gompoqoie,
1064 1740 1198 1817 aceolo,
1222 1757 1312 1801 nunc
1337 1740 1449 1818 appel-

205 1829 207 1834 ’
250 1838 379 1900 lamus:
408 1857 488 1900 nam
516 1844 551 1900 et
579 1840 669 1902 istae
696 1840 862 1918 originem
891 1858 989 1902 suam
1019 1841 1208 1904 barbaricis
1238 1841 1448 1919 temporibus

251 1941 405 2002 debent.''
451 1940 524 2002 Alii
548 1957 637 2019 vero,
661 1944 696 2004 et
721 1942 842 2004 forsan
866 1941 998 2020 melius,
1024 1941 1190 2020 originem
1217 1941 1448 2004 confraterni-

220 2037 222 2042 ’
250 2045 363 2103 tatum
381 2042 702 2104 Ecclesiasticarum
721 2060 790 2103 non
805 2047 976 2122 quaerunt
994 2045 1086 2121 apud
1104 2043 1258 2106 ethnicos
1276 2044 1313 2105 in
1331 2043 1449 2105 veteri·

250 2143 314 2204 bus
342 2144 572 2205 Romanorum
602 2144 754 2223 collegiis
783 2144 1117 2224 Dendrophororum‚
1150 2144 1447 2223 Septemvirorum,

251 2244 537 2322 Capitulinorum,
576 2246 769 2323 Artificum,
808 2262 988 2325 augurum,
1026 2263 1066 2308 ac
1105 2246 1376 2308 sacrificulorum
1414 2248 1448 2308 et

250 2347 453 2423 similium,²⁵
479 2348 538 2408 scd
563 2347 684 2409 melius
710 2347 864 2427 proiecto
888 2348 1082 2409 earumdem
1107 2348 1279 2411 cunabula
1304 2346 1448 2425 reperiri

250 2465 349 2525 posse
369 2451 496 2525 putant
516 2451 608 2526 apud
630 2449 824 2527 primitivos
847 2449 1106 2526 christifideles,
1128 2465 1272 2527 quorum
1295 2449 1447 2511 “creden-

249 2549 337 2611 tium
356 2554 432 2612 erat
450 2567 508 2611 cor
526 2568 632 2612 unum
651 2554 686 2612 et
704 2550 820 2613 anima
839 2568 918 2628 una,
938 2567 999 2613 nec
1018 2550 1197 2628 quisquam
1216 2567 1342 2628 eorum,
1362 2566 1448 2628 quae

249 2651 455 2729 possidebat,
480 2652 612 2729 aliquid
637 2669 736 2712 suum
761 2669 834 2714 esse
858 2652 1004 2729 dicebat,
1028 2652 1087 2714 sed
1111 2656 1210 2713 erant
1236 2652 1307 2712 illis
1332 2651 1447 2712 omnia

249 2753 500 2815 communia.’'¹⁸
542 2754 593 2815 Ac
614 2753 753 2815 tandem
775 2754 933 2816 nonnulli
954 2754 1156 2816 existimant
1176 2753 1342 2831 originem
1365 2753 1446 2814 Con-

249 2854 511 2916 fraternitatum
535 2856 572 2915 in
596 2855 764 2917 Ordinum
788 2855 1039 2932 Religiosorum
1062 2855 1255 2917 evolutione
1278 2855 1446 2916 invenien-

248 2957 327 3018 dam
342 2973 424 3019 esse.

290 3058 402 3131 Quum
421 3075 500 3120 vero
518 3059 581 3120 hac
600 3058 637 3119 in
656 3058 746 3120 thesi
766 3058 895 3119 nonde
914 3057 1073 3120 Historia
1092 3075 1132 3120 ac
1152 3057 1344 3120 evolutione
1364 3057 1446 3118 Oon·

247 3159 510 3222 fraternitatum
523 3160 844 3222 Ecclesiasticarum
858 3160 1024 3222 disserere
1036 3160 1222 3235 intendam,
1236 3161 1295 3220 sed
1308 3163 1445 3221 tantum

247 3261 289 3322 de
306 3278 408 3323 sensu
426 3278 543 3323 earum
562 3261 734 3338 canonico,
753 3265 788 3324 et
805 3278 866 3339 per
884 3265 1105 3322 transennam
1125 3261 1234 3322 solum
1254 3261 1386 3338 aliquid
1404 3261 1446 3322 de

246 3363 441 3425 earumdem
464 3362 596 3440 origine
619 3363 824 3425 mentionem
848 3363 970 3439 facere,
994 3379 1117 3440 sequar
1140 3362 1177 3422 in
1202 3363 1264 3423 hoc
1287 3363 1444 3436 Bassum,

247 3464 305 3542 qui
327 3464 365 3524 in
386 3482 448 3526 suo
469 3468 625 3526 tractatu
647 3464 689 3526 de
711 3465 783 3526 “De
806 3463 1006 3525 Sodalitiis''
1028 3464 1239 3524 solummodo
1262 3463 1384 3524 ultimo
1407 3462 1444 3522 in

247 3565 360 3643 capite
385 3565 517 3644 aliquid
542 3567 583 3627 de
607 3582 724 3628 earum
749 3565 895 3627 historia
920 3565 1028 3643 ponit.
1076 3567 1133 3626 Ita
1157 3568 1192 3626 et
1216 3581 1287 3642 ego,
1312 3565 1443 3626 nullam

245 3667 363 3728 videns
393 3666 629 3729 necessitatem
659 3667 889 3743 investigandi
919 3684 959 3728 ac
987 3667 1178 3744 exponendi
1207 3682 1328 3728 causas
1358 3681 1444 3742 quae

247 3768 602 3830 Oonfraternitatibus
622 3767 788 3846 originem
810 3769 892 3830 dare
912 3771 1109 3846 potuerunt,
1131 3785 1207 3828 cum
1228 3771 1380 3830 tractare
1402 3767 1444 3828 de

245 3870 307 3931 boc
320 3870 493 3948 pertineat
505 3870 549 3932 ad
563 3870 742 3932 historiam
757 3869 1045 3944 Ecclesiasticam,
1058 3885 1225 3947 exponere
1240 3869 1365 3930 curabo
1379 3869 1442 3929 illa

244 3974 382 4033 tantum
396 3972 599 4033 documenta
611 3988 652 4032 ex
664 3970 787 4048 quibus
800 3971 909 4032 videri
922 3973 1035 4048 potest
1048 3970 1267 4048 quoadusque
1281 3969 1443 4032 ascendat

244 4073 340 4150 origo
364 4073 698 4135 confraternitatum
722 4071 859 4150 proprie
881 4071 1062 4134 dictarum.

286 4174 316 4235 2.
339 4173 513 4252 Originem
534 4173 869 4235 Confraternitatum
889 4173 990 4250 juxta
1009 4173 1165 4248 formam,
1185 4189 1287 4249 quam
1307 4172 1441 4234 easdem

244 4275 343 4337 hodie
359 4276 483 4338 habere
497 4275 731 4353 perspicimus,
748 4276 888 4342 Bassus,
904 4273 1095 4351 Episcopus
1111 4273 1325 4372 Anagninus,
1342 4289 1442 4351 opere

244 4378 295 4439 De
322 4377 503 4439 sodalitiis
529 4375 706 4438 adinvenit
734 4393 824 4438 anno
851 4373 982 4436 Christi
1008 4375 1071 4436 852
1097 4375 1189 4452 apud
1217 4374 1441 4436 Hincmarum

245 4490 445 4504 —

277 4529 296 4555 ¹¹
305 4524 419 4581 anldl.
434 4525 477 4575 De
491 4519 672 4573 Vlsltatlone
688 4519 767 4571 sacr.
784 4518 944 4574 lelnum,
959 4530 988 4569 n.
1003 4518 1062 4568 114.

277 4594 369 4645 ¹‘Act
385 4593 486 4652 apost.
502 4590 571 4649 cap.
589 4588 645 4642 IV..
661 4599 688 4640 v.
705 4587 747 4646 32.

315 4701 347 4750 lo
