3340 5170
236 478 275 536 34
493 477 543 535 De
562 449 901 550 contritomitotitaa
917 473 1159 534 Ecclesiastiois

237 675 506 741 Constitutionis
529 676 574 739 ad
597 676 711 738 minus
735 675 923 755 praecipua
944 673 1062 751 capita
1083 673 1122 736 in
1144 673 1261 736 eadem
1285 671 1436 734 formula

236 783 436 845 inserantur
473 799 549 844 cum
588 780 839 844 variationibus
878 780 923 844 ad
961 779 1090 842 Eadem
1131 777 1325 841 Sanctitate
1365 775 1436 840 Sua

237 887 469 968 approbatis.”

279 993 334 1054 Ex
348 993 440 1055 hisce
454 992 599 1070 videtur,
614 992 705 1071 quod
719 991 757 1052 in
771 989 1107 1054 Contraternitatum
1122 988 1291 1050 erectione
1306 986 1437 1050 servari

238 1100 371 1177 debent,
392 1104 427 1162 et
447 1099 509 1161 hoc
529 1099 593 1161 sub
613 1115 723 1178 poena
744 1097 930 1175 nullitatis,
951 1113 1089 1159 normae
1109 1114 1131 1159 a
1152 1096 1324 1160 Clemente
1344 1095 1438 1158 VIII

239 1205 472 1284 praescriptae
492 1204 531 1265 in
552 1221 616 1266 sua
638 1203 761 1266 celebri
784 1202 1041 1265 Constitutione
1063 1201 1310 1280 Quaecumque,
1333 1203 1353 1262 t
1375 1201 1437 1262 De

239 1313 382 1374 cambris
402 1311 483 1372 1064
493 1329 502 1388 ;
520 1326 608 1389 quae
625 1309 760 1388 quidem
780 1307 1077 1388 praescriptiones,
1095 1308 1150 1370 nti
1167 1325 1258 1370 nunc
1278 1306 1436 1385 vidimus,

237 1418 421 1480 innovatae
437 1419 579 1479 fuerunt
594 1434 616 1479 a
629 1417 693 1477 Pio
708 1417 842 1494 PPIX,
857 1433 989 1496 necnon
1003 1433 1025 1478 a
1040 1415 1150 1478 Paulo
1164 1417 1196 1477 V
1212 1415 1250 1476 in
1265 1415 1437 1478 Constitu·

237 1525 332 1586 tione
358 1523 473 1598 “Quae
498 1519 714 1585 salubriter?
740 1523 783 1583 In
809 1523 873 1584 hac
898 1520 969 1584 Sua
995 1520 1251 1584 Constitutione
1278 1520 1438 1584 Summus

238 1630 400 1692 Pontifex
415 1628 615 1706 gravIssime
629 1628 813 1706 praecepit,
828 1631 868 1690 ut
883 1644 1048 1706 personae
1060 1627 1116 1705 jus
1132 1627 1341 1706 aggregandi
1354 1626 1438 1689 obti-

238 1739 357 1798 nentes
372 1736 427 1795 “N
427 1736 517 1796 ollas
532 1734 571 1794 in
585 1737 761 1812 posterum
776 1734 1011 1812 iodaiyentioa
1028 1734 1277 1796 commonicare
1292 1734 1438 1812 possim,

238 1843 308 1903 nisi
327 1841 524 1920 praedictae
547 1839 815 1902 constitutionis
838 1839 1023 1901 Clementis
1045 1839 1137 1900 VIII
1156 1839 1270 1918 formo
1290 1844 1438 1918 servato,

239 1952 274 2009 ct
298 1965 355 2009 cos
380 1946 602 2024 solmnmodo,
624 1963 709 2024 quoe
735 1962 756 2006 a
778 1946 886 2007 Notis
909 1945 983 2006 illia
1005 1945 1254 2023 praesciditur
1279 1991 1349 2007 .....
1374 1945 1452 2008 sall

238 2053 357 2131 poenis
370 2053 409 2114 in
422 2053 544 2114 iisdem
560 2051 688 2113 litteris
703 2051 906 2114 contentis?

281 2189 429 2251 nomae
449 2186 660 2248 acumenti
682 2186 773 2247 Vm
790 2186 1024 2264 paeoniae
1044 2201 1130 2264 qaae
1148 2185 1187 2247 sa
1207 2185 1438 2264 confraterni-

241 2300 353 2358 tatum
370 2295 538 2357 erectione
555 2295 741 2355 servandae
758 2296 850 2369 anot,
866 2292 1071 2370 prwcipooe
1088 2297 1170 2355 sont
1186 2297 1381 2372 sequentes:

282 2432 310 2492 1.
333 2431 411 2492 Una
433 2433 570 2492 tantum
594 2429 872 2492 confraternitas
894 2429 1046 2508 ejusdem
1070 2429 1202 2508 generis
1223 2434 1258 2492 et
1280 2429 1438 2494 instituti

239 2535 325 2615 erigi
343 2539 456 2614 potest
470 2535 508 2597 in
524 2535 676 2598 ecclesiis
692 2539 764 2597 tam
781 2534 986 2598 secularium
1004 2553 1105 2613 quam
1123 2535 1351 2614 regularium;
1370 2537 1439 2598 imo

240 2659 374 2705 necesse
386 2645 439 2704 est
460 2641 545 2718 (nisi
559 2659 600 2703 ex
614 2640 794 2720 privilegio
809 2641 905 2703 aliud
920 2657 1114 2703 concessum
1130 2622 1270 2720 fuerit),
1286 2645 1326 2704 ut
1341 2641 1439 2704 nulla

238 2747 310 2811 alia
325 2747 449 2809 similis
467 2746 745 2811 Confraternitas
761 2746 799 2807 in
816 2745 1007 2826 propinquo
1024 2747 1170 2826 quodam
1187 2748 1273 2826 loco,
1291 2765 1351 2810 seu
1368 2765 1438 2809 non

238 2853 347 2916 ultria
361 2853 432 2915 tria
446 2851 621 2930 milliaria,
635 2852 743 2914 tuerit
757 2855 880 2914 erecta.

280 2959 412 3037 Regula
431 2957 611 3037 generalis,
629 2958 702 3019 tere
721 2958 886 3021 hactenus
905 2975 946 3020 ea
964 2957 1044 3036 tuit,
1064 2961 1105 3020 ut
1124 2957 1437 3021 confraternitates

238 3063 389 3143 eiusdem
423 3062 556 3142 generis
588 3067 623 3125 et
655 3062 812 3126 instituti
844 3063 930 3142 erigi
963 3080 1031 3125 non
1063 3067 1203 3142 possent
1235 3064 1273 3124 iu
1303 3065 1437 3128 duabus

239 3169 416 3249 paroeciis,
439 3168 593 3248 quamvis
616 3168 787 3248 separatis
808 3168 846 3230 in
867 3168 1004 3248 oppidis
1026 3169 1237 3247 constitutis,
1260 3187 1346 3250 quoe
1368 3187 1438 3232 oon

239 3275 410 3338 distarent
426 3276 468 3338 ab
484 3274 630 3336 invicem
644 3289 716 3336 ooo
732 3275 828 3337 leoco
850 3273 958 3350 (circa
973 3273 1045 3336 tria
1061 3272 1258 3352 milliaria).

282 3380 383 3443 Clare
396 3381 458 3442 hoc
472 3383 570 3459 patet
582 3396 623 3442 ex
637 3380 773 3442 decreto
786 3378 985 3443 authentico
998 3396 1040 3442 ex
1053 3379 1109 3443 die
1122 3380 1165 3440 22
1178 3381 1329 3458 Augusti
1345 3380 1437 3459 1842,

238 3486 281 3548 N.
296 3485 359 3548 308
374 3485 419 3548 ad
434 3485 541 3547 3·um:

282 3589 367 3653 Cum
387 3589 565 3670 paroeciae
585 3607 655 3651 non
674 3589 805 3652 distent
825 3589 869 3654 ab
888 3589 1032 3652 invicem
1053 3607 1123 3652 una
1142 3591 1250 3670 leuca,
1271 3590 1302 3652 si
1322 3595 1438 3653 tamen

239 3699 322 3758 sunt
333 3695 372 3758 in
383 3694 553 3775 separatis
567 3695 704 3774 oppidis
714 3694 934 3773 constitutae,
948 3697 1111 3774 poterunt
1123 3694 1210 3774 erigi
1223 3695 1261 3758 in
1273 3695 1438 3759 ambabus

239 3800 553 3864 Contraternitates
571 3800 731 3863 eaedem?

281 3907 499 3985 Responsum
512 3904 600 3969 tuit:
640 3905 862 3983 Affirmative‚
881 3905 912 3968 si
931 3909 1057 3982 agatur
1075 3906 1117 3969 de
1136 3905 1438 3970 Contraternitati·

239 4013 305 4074 bus
335 4010 395 4074 ΒΕ.
426 4010 588 4090 Corporis
617 4009 749 4073 Christi
777 4014 813 4072 et
841 4010 884 4072 de
914 4009 1081 4073 Doctrina
1112 4009 1321 4088 Christiana,
1352 4025 1439 4090 quae

240 4115 631 4198 praeter-lnumgentins
651 4117 848 4196 huiusmodi
868 4114 1120 4181 Sodalitatibus
1141 4136 1162 4181 a
1182 4118 1293 4180 Paulo
1312 4120 1348 4181 V*
1365 4135 1439 4180 con·

240 4241 363 4300 cessas
377 4221 547 4302 singulari
561 4239 694 4302 quoque
708 4221 888 4301 privilegio
902 4221 1063 4300 gaudent,
1077 4222 1178 4301 J‘uxta
1194 4220 1319 4286 Sacrae
1334 4223 1438 4302 hujus

241 4329 523 4408 Congregationir
564 4331 719 4408 Decreta,
759 4329 849 4408 quod
888 4345 1008 4408 nempe
1046 4329 1084 4391 in
1123 4329 1269 4408 singulis
1307 4345 1439 4408 quoque

240 4435 408 4515 paroeciis
424 4434 565 4498 institui
581 4435 724 4513 possint.
764 4433 929 4513 Negative
945 4451 1034 4512 vero,
1051 4434 1082 4496 si
1099 4438 1225 4512 agatur
1240 4435 1282 4497 de
1299 4434 1438 4498 Confra-

240 4539 465 4604 ternitatibus
479 4540 518 4603 in
532 4555 662 4618 genere.
