3340 5170
446 474 495 530 Dc
515 473 853 545 Confroternttottboa
870 475 1112 546 Ecclesiasticis
1353 476 1389 534 29

189 672 334 734 statutis
359 673 601 751 approbandis,
628 689 667 734 ac
693 673 822 735 litteris
847 674 1138 736 testimonialibus
1164 676 1388 737 concedendis

187 773 288 851 juxta
314 774 497 835 Clementis
522 776 614 837 VIII
639 774 939 854 Constitutionem,
963 793 1049 853 quae
1073 776 1214 854 incipit:
1263 777 1388 854 “Quoc-

188 878 350 954 σιιιιιᾳιιου
365 876 457 937 haud
472 877 599 954 pollere
614 881 785 954 potestate
799 878 986 955 ordinaria,
1003 879 1062 938 sed
1076 878 1219 955 speciali
1234 878 1388 956 indigere

186 978 398 1054 delegatione
408 997 416 1054 3
435 979 472 1041 in
491 979 631 1039 dubium
647 979 752 1040 etiam
768 980 912 1040 fuerunt
930 983 1108 1040 revocatae
1124 980 1234 1057 ipsius
1253 979 1386 1042 Vicarii

187 1080 399 1156 Capitularis
423 1081 533 1157 quoad
556 1080 733 1157 praedicta
755 1080 958 1142 facultates:
983 1081 1072 1142 unde
1096 1065 1259 1157 Superior
1283 1081 1384 1141 Gene-

187 1183 272 1243 ralis
310 1182 592 1259 Congregationis
628 1183 896 1243 Praetiosissimi
934 1181 1120 1260 Sanguinis
1156 1200 1272 1265 preces
1307 1182 1386 1244 huic

187 1283 312 1345 Sacrae
344 1284 608 1361 Congregationi
640 1285 792 1363 porrexit
822 1286 866 1346 ad
898 1285 969 1361 hoc,
1002 1289 1041 1346 ut
1072 1285 1249 1364 sequentia
1280 1285 1384 1346 dubia

186 1387 548 1462 digneturresolvere:
1217 1445 1218 1448 ,

227 1490 256 1548 1.
279 1489 440 1549 Potestne
469 1489 629 1550 Vicarius
658 1487 871 1566 GapItularir
900 1489 1030 1567 erigere
1059 1489 1383 1567 Confraternitates‚
1453 1494 1457 1514 ³

186 1589 238 1651 ita
252 1594 291 1650 ut
303 1591 428 1650 erectio
443 1589 492 1650 sic
505 1594 645 1667 peracta
659 1590 824 1651 canonica
837 1590 908 1652 sit?

227 1693 256 1751 2.
280 1693 403 1752 Utrum
428 1692 587 1752 Vicarius
613 1691 827 1768 capitularis
852 1693 962 1770 possit
987 1693 1099 1755 valide
1124 1695 1305 1755 concedere
1330 1695 1384 1756 lit·

186 1799 279 1854 teras
297 1794 545 1854 testimoniales
564 1811 603 1854 ac
622 1810 822 1855 consensum
841 1795 1043 1872 requisitum
1063 1813 1084 1856 a
1103 1795 1275 1857 Clemente
1294 1796 1386 1858 VIII

185 1913 248 1973 pro
262 1895 503 1972 aggregatione
517 1894 876 1958 Confraternitatum?

226 1998 255 2058 3:
279 1999 404 2058 Utrum
439 1997 599 2058 Vicarius
633 1997 847 2075 Capitularir
880 1997 1000 2075 possit·
1024 1999 1215 2076 approbare
1249 2002 1384 2062 statuta

185 2098 544 2177 Confraternitatum?
587 2100 628 2161 Ιιι
649 2099 799 2176 generali
820 2098 1091 2176 congregatione
1112 2100 1231 2162 habita
1251 2101 1288 2160 in
1309 2099 1383 2161 Pal·

185 2202 258 2263 atio
288 2201 457 2262 Vaticano
486 2201 542 2262 die
572 2202 612 2262 15
642 2200 840 2262 Novembris
870 2201 952 2262 1878
983 2202 1053 2262 Eli.
1084 2203 1151 2263 ΡΡ.
1182 2202 1384 2264 Cardinaler

184 2303 451 2380 rescripserunt:

227 2407 281 2466 Ad
297 2408 325 2466 1.
342 2406 371 2466 2.
387 2410 422 2466 et
438 2405 485 2466 3.:
531 2452 538 2466 .
688 2405 845 2467 VIoortue
863 2405 1076 2483 Oopr'tulorto
1093 2423 1128 2468 ee
1143 2407 1342 2470 obstineat..

227 2508 301 2568 Hoc
314 2511 429 2568 tamen
442 2508 496 2568 hic
510 2508 676 2570 adnotare
690 2509 858 2585 debemus,
872 2510 961 2586 quod
974 2509 1004 2570 si
1018 2509 1063 2570 ils
1077 2510 1384 2588 nonobstantibus,

185 2609 346 2670 Vicarius
375 2609 589 2686 Capitularis
617 2611 804 2671 erectiones
832 2615 1010 2688 perageret
1038 2611 1384 2688 confraternitatum,

185 2711 274 2772 istae
299 2712 485 2773 censendae
509 2713 624 2774 forent
648 2716 823 2789 tamquam
849 2712 961 2773 valide
986 2717 1128 2790 erectae,
1154 2731 1258 2792 quum
1283 2715 1385 2776 verba

189 2815 313 2874 Sacrae
338 2814 620 2890 Congregationis
644 2813 823 2874 consilium
847 2818 993 2890 tantum,
1018 2816 1170 2891 quamvis
1195 2820 1250 2877 sat
1273 2832 1384 2892 grave,

185 2915 244 2976 sed
259 2932 328 2975 non
344 2916 606 2992 prohibitionem
623 2917 820 2993 Importent.

227 3020 337 3080 Juxta
366 3020 559 3094 nonnullos,
589 3019 695 3080 Sacra
723 3019 950 3097 Congregatio
979 3020 1016 3080 in
1043 3021 1158 3083 danda
1186 3021 1249 3082 hac
1278 3022 1385 3084 decla·

185 3121 321 3181 ratione
337 3121 408 3182 fuit
426 3121 529 3181 ducta
548 3125 668 3197 mente,
687 3123 750 3182 “ne
766 3122 844 3182 sede
861 3125 1004 3183 vacante
1022 3122 1153 3200 aliquid
1172 3123 1384 3185 innovetur.'’
1439 3191 1440 3194 Ἴ

227 3223 257 3284 3.
280 3225 465 3301 Postquam
483 3225 629 3285 vidimus
645 3224 728 3302 quid
743 3225 863 3302 possit,
878 3243 938 3286 seu
954 3226 1075 3287 mellus
1092 3227 1174 3304 quid
1191 3244 1259 3287 non
1276 3227 1385 3305 possit

184 3325 346 3386 Vicarius
384 3326 596 3403 Capitularis
632 3327 669 3386 in
703 3325 1038 3388 Confraternitatum
1074 3329 1254 3405 erectione,
1290 3346 1384 3390 mens

186 3427 296 3488 currit
314 3428 357 3488 ad
374 3427 549 3489 Vicarium
568 3428 777 3489 Generalem.
815 3428 1001 3490 Videamus
1018 3446 1097 3506 ergo
1115 3430 1227 3507 qualis
1246 3430 1293 3491 sit
1310 3430 1384 3507 ejus

186 3529 277 3590 circa
296 3529 628 3591 Confraternitatum
647 3529 849 3590 erectionem
867 3533 1030 3607 potestas.

227 3631 388 3692 Vicarius
419 3631 596 3692 GeneraIIs
625 3632 669 3692 ad
700 3630 1013 3692 Confraternitates
1042 3631 1221 3708 erigendas
1251 3632 1384 3710 iudiget

186 3733 327 3810 speciali
346 3733 567 3810 delegatione,
587 3732 661 3794 sine
678 3749 762 3809 qua:

234 3839 287 3914 (a)
316 3839 393 3898 Non
419 3841 532 3915 potest
559 3837 768 3898 auctorItate
794 3837 970 3898 ordinaria
997 3836 1126 3914 erigere
1153 3837 1384 3900 Confraterni·

186 3943 294 4016 tates:

235 4047 287 4120 (bl
317 4045 391 4104 Non
416 4047 529 4120 potest
551 4043 662 4106 valide
684 4044 865 4106 concedere
888 4043 1038 4106 Litteras
1063 4043 1320 4107 Testimoniales
1346 4061 1383 4104 ac

186 4163 386 4207 consensum
422 4145 624 4223 requisitum
659 4164 679 4207 a
714 4145 887 4208 Clemente
920 4147 1012 4208 VIII
1047 4164 1109 4225 pro
1144 4147 1396 4224 aggregatione,

186 4248 539 4326 Confraternitatum3

234 4355 282 4430 (o)
312 4356 389 4415 Non
409 4355 522 4431 potest
542 4353 686 4430 denique
706 4345 896 4432 approbare
916 4356 1051 4414 statuta
1069 4352 1223 4430 ipsarum
1244 4352 1384 4414 Confra-

185 4457 399 4518 ternitatum.

229 4559 326 4632 Quod
344 4560 377 4618 in
394 4557 516 4635 primis
531 4575 599 4618 non
615 4557 724 4634 possit
740 4557 948 4619 auctoritate
964 4556 1140 4617 ordinaria
1156 4555 1285 4632 erigere
1303 4557 1384 4617 Gon-
