<?xml version="1.0" encoding="UTF-8"?>
<!DOCTYPE html PUBLIC "-//W3C//DTD XHTML 1.0 Transitional//EN"
    "http://www.w3.org/TR/xhtml1/DTD/xhtml1-transitional.dtd">
<html xmlns="http://www.w3.org/1999/xhtml" xml:lang="en" lang="en">
 <head>
  <title>
</title>
<meta http-equiv="Content-Type" content="text/html;charset=utf-8" />
  <meta name='ocr-system' content='tesseract 3.04.00' />
  <meta name='ocr-capabilities' content='ocr_page ocr_carea ocr_par ocr_line ocrx_word'/>
</head>
<body>
  <div class='ocr_page' id='page_1' title='image "./deconfraternita01borkgoog_0129.png"; bbox 0 0 3336 5166; ppageno 0'>
   <div class='ocr_carea' id='block_1_1' title="bbox 240 338 1169 414">
    <p class='ocr_par' dir='ltr' id='par_1_1' title="bbox 240 338 1169 414">
     <span class='ocr_line' id='line_1_1' title="bbox 240 338 1169 414; baseline 0.005 -16"><span class='ocrx_word' id='word_1_1' title='bbox 240 338 297 398; x_wconf 81' lang='lat'><strong><em>122</em></strong></span> <span class='ocrx_word' id='word_1_2' title='bbox 508 341 559 400; x_wconf 86' lang='lat' dir='ltr'><strong><em>De</em></strong></span> <span class='ocrx_word' id='word_1_3' title='bbox 575 340 914 414; x_wconf 73' lang='lat' dir='ltr'><strong><em>Oanfraternitotibns</em></strong></span> <span class='ocrx_word' id='word_1_4' title='bbox 927 345 1169 404; x_wconf 74' lang='lat' dir='ltr'><strong><em>Ecclesiastiois</em></strong></span> 
     </span>
    </p>
   </div>
   <div class='ocr_carea' id='block_1_2' title="bbox 174 535 1443 3898">
    <p class='ocr_par' dir='ltr' id='par_1_2' title="bbox 344 535 1348 718">
     <span class='ocr_line' id='line_1_2' title="bbox 344 535 1348 619; baseline 0.003 -21"><span class='ocrx_word' id='word_1_5' title='bbox 344 535 397 612; x_wconf 86' lang='lat' dir='ltr'><strong><em>(b)</em></strong></span> <span class='ocrx_word' id='word_1_6' title='bbox 425 537 666 615; x_wconf 62' lang='lat' dir='ltr'><strong><em>Indulgentiae</em></strong></span> <span class='ocrx_word' id='word_1_7' title='bbox 686 538 846 599; x_wconf 76' lang='lat' dir='ltr'><strong><em>obtentae</em></strong></span> <span class='ocrx_word' id='word_1_8' title='bbox 867 540 901 600; x_wconf 88' lang='lat' dir='ltr'><strong><em>oi</em></strong></span> <span class='ocrx_word' id='word_1_9' title='bbox 920 539 1158 616; x_wconf 69' lang='lat' dir='ltr'><strong><em>dispositionis</em></strong></span> <span class='ocrx_word' id='word_1_10' title='bbox 1178 541 1348 619; x_wconf 85' lang='lat' dir='ltr'><strong><em>generalis</em></strong></span> 
     </span>
     <span class='ocr_line' id='line_1_3' title="bbox 697 640 981 718; baseline 0 -16"><span class='ocrx_word' id='word_1_11' title='bbox 697 640 807 718; x_wconf 64' lang='lat' dir='ltr'><strong><em>ionas</em></strong></span> <span class='ocrx_word' id='word_1_12' title='bbox 822 641 856 702; x_wconf 74' lang='lat' dir='ltr'><strong><em>S.</em></strong></span> <span class='ocrx_word' id='word_1_13' title='bbox 871 641 981 702; x_wconf 64' lang='lat' dir='ltr'><strong><em>Sada.</em></strong></span> 
     </span>
    </p>

    <p class='ocr_par' dir='ltr' id='par_1_3' title="bbox 241 756 1441 1140">
     <span class='ocr_line' id='line_1_4' title="bbox 284 756 1441 840; baseline 0.005 -23"><span class='ocrx_word' id='word_1_14' title='bbox 284 756 423 818; x_wconf 88' lang='lat' dir='ltr'><strong><em>Dantur</em></strong></span> <span class='ocrx_word' id='word_1_15' title='bbox 435 756 621 820; x_wconf 90' lang='lat' dir='ltr'><strong><em>nonnullae</em></strong></span> <span class='ocrx_word' id='word_1_16' title='bbox 632 756 956 838; x_wconf 85' lang='lat' dir='ltr'><strong><em>Oontraternitates,</em></strong></span> <span class='ocrx_word' id='word_1_17' title='bbox 968 777 1055 840; x_wconf 89' lang='lat' dir='ltr'><strong><em>quae</em></strong></span> <span class='ocrx_word' id='word_1_18' title='bbox 1066 760 1141 838; x_wconf 90' lang='lat' dir='ltr'><strong><em>ipso</em></strong></span> <span class='ocrx_word' id='word_1_19' title='bbox 1153 761 1246 822; x_wconf 84' lang='lat' dir='ltr'><strong><em>tacto</em></strong></span> <span class='ocrx_word' id='word_1_20' title='bbox 1258 760 1441 823; x_wconf 89' lang='lat' dir='ltr'><strong><em>erectionis</em></strong></span> 
     </span>
     <span class='ocr_line' id='line_1_5' title="bbox 241 857 1440 941; baseline 0.007 -23"><span class='ocrx_word' id='word_1_21' title='bbox 241 857 468 936; x_wconf 80' lang='lat' dir='ltr'><strong><em>indulgentiis</em></strong></span> <span class='ocrx_word' id='word_1_22' title='bbox 483 860 633 937; x_wconf 85' lang='lat' dir='ltr'><strong><em>gaudent</em></strong></span> <span class='ocrx_word' id='word_1_23' title='bbox 648 860 682 922; x_wconf 86' lang='lat' dir='ltr'><strong><em>vi</em></strong></span> <span class='ocrx_word' id='word_1_24' title='bbox 695 860 781 940; x_wconf 88' lang='lat' dir='ltr'><strong><em>legis</em></strong></span> <span class='ocrx_word' id='word_1_25' title='bbox 796 877 856 923; x_wconf 90' lang='lat' dir='ltr'><strong><em>seu</em></strong></span> <span class='ocrx_word' id='word_1_26' title='bbox 871 861 1110 939; x_wconf 79' lang='lat' dir='ltr'><strong><em>dispositionis</em></strong></span> <span class='ocrx_word' id='word_1_27' title='bbox 1124 863 1304 941; x_wconf 90' lang='lat' dir='ltr'><strong><em>generalis,</em></strong></span> <span class='ocrx_word' id='word_1_28' title='bbox 1321 863 1372 926; x_wconf 92' lang='lat' dir='ltr'><strong><em>ita</em></strong></span> <span class='ocrx_word' id='word_1_29' title='bbox 1390 868 1440 938; x_wconf 84' lang='lat' dir='ltr'><strong><em>ut,</em></strong></span> 
     </span>
     <span class='ocr_line' id='line_1_6' title="bbox 242 951 1440 1042; baseline 0.004 -22"><span class='ocrx_word' id='word_1_30' title='bbox 242 959 337 1021; x_wconf 86' lang='lat' dir='ltr'><strong><em>iacta</em></strong></span> <span class='ocrx_word' id='word_1_31' title='bbox 362 977 480 1022; x_wconf 88' lang='lat' dir='ltr'><strong><em>earum</em></strong></span> <span class='ocrx_word' id='word_1_32' title='bbox 505 961 684 1038; x_wconf 80' lang='lat' dir='ltr'><strong><em>erectione,</em></strong></span> <span class='ocrx_word' id='word_1_33' title='bbox 713 962 808 1025; x_wconf 89' lang='lat' dir='ltr'><strong><em>illico</em></strong></span> <span class='ocrx_word' id='word_1_34' title='bbox 835 963 986 1042; x_wconf 90' lang='lat' dir='ltr'><strong><em>propriis</em></strong></span> <span class='ocrx_word' id='word_1_35' title='bbox 1012 951 1239 1042; x_wconf 82' lang='lat' dir='ltr'><strong><em>indulgentiis</em></strong></span> <span class='ocrx_word' id='word_1_36' title='bbox 1266 965 1440 1028; x_wconf 80' lang='lat' dir='ltr'><strong><em>truantur.</em></strong></span> 
     </span>
     <span class='ocr_line' id='line_1_7' title="bbox 242 1060 760 1140; baseline 0.004 -18"><span class='ocrx_word' id='word_1_37' title='bbox 242 1060 452 1140; x_wconf 72' lang='lat' dir='ltr'><strong><em>Huiusmodi</em></strong></span> <span class='ocrx_word' id='word_1_38' title='bbox 467 1063 650 1140; x_wconf 87' lang='lat' dir='ltr'><strong><em>praecipue</em></strong></span> <span class='ocrx_word' id='word_1_39' title='bbox 662 1067 760 1127; x_wconf 90' lang='lat' dir='ltr'><strong><em>sunt:</em></strong></span> 
     </span>
    </p>

    <p class='ocr_par' dir='ltr' id='par_1_4' title="bbox 239 1162 1443 1940">
     <span class='ocr_line' id='line_1_8' title="bbox 289 1162 1441 1240; baseline 0.006 -16"><span class='ocrx_word' id='word_1_40' title='bbox 289 1163 343 1240; x_wconf 87' lang='lat' dir='ltr'><strong><em>(a)</em></strong></span> <span class='ocrx_word' id='word_1_41' title='bbox 371 1162 495 1227; x_wconf 86' lang='lat' dir='ltr'><strong><em>Omnes</em></strong></span> <span class='ocrx_word' id='word_1_42' title='bbox 514 1164 828 1229; x_wconf 85' lang='lat' dir='ltr'><strong><em>Oontraternitates</em></strong></span> <span class='ocrx_word' id='word_1_43' title='bbox 848 1166 947 1230; x_wconf 80' lang='lat' dir='ltr'><strong><em>ssmi</em></strong></span> <span class='ocrx_word' id='word_1_44' title='bbox 963 1167 1191 1230; x_wconf 74' lang='lat' dir='ltr'><strong><em>&#39;Sacramenti</em></strong></span> <span class='ocrx_word' id='word_1_45' title='bbox 1233 1169 1333 1232; x_wconf 77' lang='lat' dir='ltr'><strong><em>nares</em></strong></span> <span class='ocrx_word' id='word_1_46' title='bbox 1350 1169 1441 1232; x_wconf 89' lang='lat' dir='ltr'><strong><em>enim</em></strong></span> 
     </span>
     <span class='ocr_line' id='line_1_9' title="bbox 241 1263 1440 1348; baseline 0.007 -22"><span class='ocrx_word' id='word_1_47' title='bbox 241 1263 566 1344; x_wconf 84' lang='lat' dir='ltr'><strong><em>Oantraternitates,</em></strong></span> <span class='ocrx_word' id='word_1_48' title='bbox 596 1267 724 1346; x_wconf 89' lang='lat' dir='ltr'><strong><em>ubique</em></strong></span> <span class='ocrx_word' id='word_1_49' title='bbox 751 1270 924 1332; x_wconf 90' lang='lat' dir='ltr'><strong><em>terrarum</em></strong></span> <span class='ocrx_word' id='word_1_50' title='bbox 956 1270 1122 1334; x_wconf 87' lang='lat' dir='ltr'><strong><em>hactenus</em></strong></span> <span class='ocrx_word' id='word_1_51' title='bbox 1153 1270 1355 1348; x_wconf 86' lang='lat' dir='ltr'><strong><em>Apostolica</em></strong></span> <span class='ocrx_word' id='word_1_52' title='bbox 1385 1272 1440 1334; x_wconf 85' lang='lat' dir='ltr'><strong><em>vel</em></strong></span> 
     </span>
     <span class='ocr_line' id='line_1_10' title="bbox 241 1366 1443 1452; baseline 0.006 -23"><span class='ocrx_word' id='word_1_53' title='bbox 241 1366 428 1430; x_wconf 75' lang='lat' dir='ltr'><strong><em>Ordinatio</em></strong></span> <span class='ocrx_word' id='word_1_54' title='bbox 449 1368 658 1431; x_wconf 87' lang='lat' dir='ltr'><strong><em>auctoritate</em></strong></span> <span class='ocrx_word' id='word_1_55' title='bbox 678 1371 811 1434; x_wconf 88' lang='lat' dir='ltr'><strong><em>erectae</em></strong></span> <span class='ocrx_word' id='word_1_56' title='bbox 831 1374 894 1433; x_wconf 88' lang='lat' dir='ltr'><strong><em>aut</em></strong></span> <span class='ocrx_word' id='word_1_57' title='bbox 915 1371 1057 1450; x_wconf 85' lang='lat' dir='ltr'><strong><em>posthac</em></strong></span> <span class='ocrx_word' id='word_1_58' title='bbox 1076 1371 1268 1450; x_wconf 87' lang='lat' dir='ltr'><strong><em>erigendae,</em></strong></span> <span class='ocrx_word' id='word_1_59' title='bbox 1289 1373 1443 1452; x_wconf 89' lang='lat' dir='ltr'><strong><em>gaudent</em></strong></span> 
     </span>
     <span class='ocr_line' id='line_1_11' title="bbox 240 1469 1441 1553; baseline 0.007 -23"><span class='ocrx_word' id='word_1_60' title='bbox 240 1469 398 1531; x_wconf 90' lang='lat' dir='ltr'><strong><em>omuibus</em></strong></span> <span class='ocrx_word' id='word_1_61' title='bbox 441 1470 641 1549; x_wconf 82' lang='lat' dir='ltr'><strong><em>privilegiis,</em></strong></span> <span class='ocrx_word' id='word_1_62' title='bbox 684 1471 921 1551; x_wconf 84' lang='lat' dir='ltr'><strong><em>indulgentiis,</em></strong></span> <span class='ocrx_word' id='word_1_63' title='bbox 964 1472 1194 1536; x_wconf 77' lang='lat' dir='ltr'><strong><em>facultatibus</em></strong></span> <span class='ocrx_word' id='word_1_64' title='bbox 1237 1477 1273 1537; x_wconf 90' lang='lat' dir='ltr'><strong><em>et</em></strong></span> <span class='ocrx_word' id='word_1_65' title='bbox 1316 1474 1441 1553; x_wconf 77' lang='lat' dir='ltr'><strong><em>gratiis</em></strong></span> 
     </span>
     <span class='ocr_line' id='line_1_12' title="bbox 241 1571 1441 1654; baseline 0.007 -22"><span class='ocrx_word' id='word_1_66' title='bbox 241 1571 483 1650; x_wconf 84' lang='lat' dir='ltr'><strong><em>spiritualibus</em></strong></span> <span class='ocrx_word' id='word_1_67' title='bbox 509 1573 897 1637; x_wconf 84' lang='lat' dir='ltr'><strong><em>Arcbicontraternitati</em></strong></span> <span class='ocrx_word' id='word_1_68' title='bbox 921 1575 1074 1654; x_wconf 84' lang='lat' dir='ltr'><strong><em>ejusdem</em></strong></span> <span class='ocrx_word' id='word_1_69' title='bbox 1100 1575 1199 1638; x_wconf 73' lang='lat' dir='ltr'><strong><em>semi</em></strong></span> <span class='ocrx_word' id='word_1_70' title='bbox 1226 1575 1441 1640; x_wconf 79' lang='lat' dir='ltr'><strong><em>Sacramenti</em></strong></span> 
     </span>
     <span class='ocr_line' id='line_1_13' title="bbox 240 1673 1441 1754; baseline 0.005 -20"><span class='ocrx_word' id='word_1_71' title='bbox 240 1673 278 1736; x_wconf 92' lang='lat' dir='ltr'><strong><em>in</em></strong></span> <span class='ocrx_word' id='word_1_72' title='bbox 294 1674 436 1736; x_wconf 87' lang='lat' dir='ltr'><strong><em>ecclesia</em></strong></span> <span class='ocrx_word' id='word_1_73' title='bbox 454 1673 488 1736; x_wconf 76' lang='lat' dir='ltr'><strong><em>S.</em></strong></span> <span class='ocrx_word' id='word_1_74' title='bbox 505 1675 637 1737; x_wconf 86' lang='lat' dir='ltr'><strong><em>Mariae</em></strong></span> <span class='ocrx_word' id='word_1_75' title='bbox 652 1692 758 1754; x_wconf 86' lang='lat' dir='ltr'><strong><em>supra</em></strong></span> <span class='ocrx_word' id='word_1_76' title='bbox 774 1675 954 1742; x_wconf 85' lang='lat' dir='ltr'><strong><em>Minervan</em></strong></span> <span class='ocrx_word' id='word_1_77' title='bbox 970 1676 1075 1741; x_wconf 88' lang='lat' dir='ltr'><strong><em>Urbis</em></strong></span> <span class='ocrx_word' id='word_1_78' title='bbox 1091 1676 1254 1741; x_wconf 85' lang='lat' dir='ltr'><strong><em>existenti</em></strong></span> <span class='ocrx_word' id='word_1_79' title='bbox 1272 1678 1441 1741; x_wconf 79' lang='lat' dir='ltr'><strong><em>concessis</em></strong></span> 
     </span>
     <span class='ocr_line' id='line_1_14' title="bbox 239 1775 1441 1844; baseline 0.005 -6"><span class='ocrx_word' id='word_1_80' title='bbox 239 1775 293 1838; x_wconf 84' lang='lat' dir='ltr'><strong><em>vel</em></strong></span> <span class='ocrx_word' id='word_1_81' title='bbox 313 1776 547 1839; x_wconf 88' lang='lat' dir='ltr'><strong><em>concedendis.</em></strong></span> <span class='ocrx_word' id='word_1_82' title='bbox 587 1777 692 1840; x_wconf 87' lang='lat' dir='ltr'><strong><em>Olare</em></strong></span> <span class='ocrx_word' id='word_1_83' title='bbox 712 1777 776 1841; x_wconf 91' lang='lat' dir='ltr'><strong><em>boc</em></strong></span> <span class='ocrx_word' id='word_1_84' title='bbox 795 1778 993 1842; x_wconf 84' lang='lat' dir='ltr'><strong><em>decernitur</em></strong></span> <span class='ocrx_word' id='word_1_85' title='bbox 1012 1779 1051 1840; x_wconf 91' lang='lat' dir='ltr'><strong><em>in</em></strong></span> <span class='ocrx_word' id='word_1_86' title='bbox 1073 1779 1219 1842; x_wconf 84' lang='lat' dir='ltr'><strong><em>Decreta</em></strong></span> <span class='ocrx_word' id='word_1_87' title='bbox 1241 1780 1441 1844; x_wconf 89' lang='lat' dir='ltr'><strong><em>authentico</em></strong></span> 
     </span>
     <span class='ocr_line' id='line_1_15' title="bbox 240 1877 339 1940; baseline 0.02 -2"><span class='ocrx_word' id='word_1_88' title='bbox 240 1877 339 1940; x_wconf 88' lang='lat' dir='ltr'><strong><em>n.13.</em></strong></span> 
     </span>
    </p>

    <p class='ocr_par' dir='ltr' id='par_1_5' title="bbox 174 1980 1441 2776">
     <span class='ocr_line' id='line_1_16' title="bbox 289 1980 1441 2057; baseline 0.003 -14"><span class='ocrx_word' id='word_1_89' title='bbox 289 1981 342 2057; x_wconf 89' lang='lat' dir='ltr'><strong><em>(b)</em></strong></span> <span class='ocrx_word' id='word_1_90' title='bbox 371 1980 684 2044; x_wconf 73' lang='lat' dir='ltr'><strong><em>confraternitates</em></strong></span> <span class='ocrx_word' id='word_1_91' title='bbox 699 1981 886 2046; x_wconf 88' lang='lat' dir='ltr'><strong><em>Doctrinae</em></strong></span> <span class='ocrx_word' id='word_1_92' title='bbox 902 1982 1131 2046; x_wconf 82' lang='lat' dir='ltr'><strong><em>Christianae.</em></strong></span> <span class='ocrx_word' id='word_1_93' title='bbox 1167 1985 1235 2046; x_wconf 87' lang='lat' dir='ltr'><strong><em>Pro</em></strong></span> <span class='ocrx_word' id='word_1_94' title='bbox 1250 1983 1343 2047; x_wconf 89' lang='lat' dir='ltr'><strong><em>hisce</em></strong></span> <span class='ocrx_word' id='word_1_95' title='bbox 1357 1983 1441 2046; x_wconf 89' lang='lat' dir='ltr'><strong><em>Oon-</em></strong></span> 
     </span>
     <span class='ocr_line' id='line_1_17' title="bbox 239 2082 1440 2164; baseline 0.005 -21"><span class='ocrx_word' id='word_1_96' title='bbox 239 2082 521 2146; x_wconf 76' lang='lat' dir='ltr'><strong><em>fraternitatibus</em></strong></span> <span class='ocrx_word' id='word_1_97' title='bbox 540 2082 675 2160; x_wconf 88' lang='lat' dir='ltr'><strong><em>sufficit,</em></strong></span> <span class='ocrx_word' id='word_1_98' title='bbox 692 2087 732 2148; x_wconf 89' lang='lat' dir='ltr'><strong><em>ut</em></strong></span> <span class='ocrx_word' id='word_1_99' title='bbox 750 2101 821 2147; x_wconf 87' lang='lat' dir='ltr'><strong><em>una</em></strong></span> <span class='ocrx_word' id='word_1_100' title='bbox 837 2101 878 2146; x_wconf 87' lang='lat' dir='ltr'><strong><em>ex</em></strong></span> <span class='ocrx_word' id='word_1_101' title='bbox 896 2084 1006 2146; x_wconf 85' lang='lat' dir='ltr'><strong><em>bisin</em></strong></span> <span class='ocrx_word' id='word_1_102' title='bbox 1024 2085 1170 2149; x_wconf 88' lang='lat' dir='ltr'><strong><em>dioecesi</em></strong></span> <span class='ocrx_word' id='word_1_103' title='bbox 1188 2084 1375 2164; x_wconf 86' lang='lat' dir='ltr'><strong><em>aggregata</em></strong></span> <span class='ocrx_word' id='word_1_104' title='bbox 1393 2085 1440 2149; x_wconf 88' lang='lat' dir='ltr'><strong><em>sit</em></strong></span> 
     </span>
     <span class='ocr_line' id='line_1_18' title="bbox 240 2184 1441 2250; baseline 0.002 -3"><span class='ocrx_word' id='word_1_105' title='bbox 240 2184 630 2248; x_wconf 86' lang='lat' dir='ltr'><strong><em>Arcbicontraternitati</em></strong></span> <span class='ocrx_word' id='word_1_106' title='bbox 651 2185 815 2248; x_wconf 84' lang='lat' dir='ltr'><strong><em>existenti</em></strong></span> <span class='ocrx_word' id='word_1_107' title='bbox 836 2185 874 2248; x_wconf 92' lang='lat' dir='ltr'><strong><em>iu</em></strong></span> <span class='ocrx_word' id='word_1_108' title='bbox 895 2185 1039 2250; x_wconf 88' lang='lat' dir='ltr'><strong><em>ecclesia</em></strong></span> <span class='ocrx_word' id='word_1_109' title='bbox 1061 2186 1094 2250; x_wconf 81' lang='lat' dir='ltr'><strong><em>S.</em></strong></span> <span class='ocrx_word' id='word_1_110' title='bbox 1118 2187 1263 2250; x_wconf 88' lang='lat' dir='ltr'><strong><em>Martini</em></strong></span> <span class='ocrx_word' id='word_1_111' title='bbox 1285 2189 1327 2250; x_wconf 92' lang='lat' dir='ltr'><strong><em>de</em></strong></span> <span class='ocrx_word' id='word_1_112' title='bbox 1348 2189 1441 2250; x_wconf 88' lang='lat' dir='ltr'><strong><em>Urbe</em></strong></span> 
     </span>
     <span class='ocr_line' id='line_1_19' title="bbox 247 2285 1440 2368; baseline 0.001 -18"><span class='ocrx_word' id='word_1_113' title='bbox 247 2287 301 2365; x_wconf 88' lang='lat' dir='ltr'><strong><em>(in</em></strong></span> <span class='ocrx_word' id='word_1_114' title='bbox 321 2303 482 2364; x_wconf 88' lang='lat' dir='ltr'><strong><em>praesens</em></strong></span> <span class='ocrx_word' id='word_1_115' title='bbox 503 2287 541 2348; x_wconf 92' lang='lat' dir='ltr'><strong><em>in</em></strong></span> <span class='ocrx_word' id='word_1_116' title='bbox 560 2287 704 2352; x_wconf 86' lang='lat' dir='ltr'><strong><em>ecclesia</em></strong></span> <span class='ocrx_word' id='word_1_117' title='bbox 726 2285 760 2352; x_wconf 78' lang='lat' dir='ltr'><strong><em>S.</em></strong></span> <span class='ocrx_word' id='word_1_118' title='bbox 782 2287 891 2352; x_wconf 84' lang='lat' dir='ltr'><strong><em>Maris</em></strong></span> <span class='ocrx_word' id='word_1_119' title='bbox 911 2289 1013 2368; x_wconf 89' lang='lat' dir='ltr'><strong><em>vulgo</em></strong></span> <span class='ocrx_word' id='word_1_120' title='bbox 1033 2288 1128 2352; x_wconf 88' lang='lat' dir='ltr'><strong><em>dicta</em></strong></span> <span class='ocrx_word' id='word_1_121' title='bbox 1150 2291 1204 2352; x_wconf 86' lang='lat' dir='ltr'><strong><em>del</em></strong></span> <span class='ocrx_word' id='word_1_122' title='bbox 1224 2290 1368 2366; x_wconf 87' lang='lat' dir='ltr'><strong><em>Pionta)</em></strong></span> <span class='ocrx_word' id='word_1_123' title='bbox 1395 2289 1440 2353; x_wconf 91' lang='lat' dir='ltr'><strong><em>ad</em></strong></span> 
     </span>
     <span class='ocr_line' id='line_1_20' title="bbox 174 2389 1441 2468; baseline 0.001 -16"><span class='ocrx_word' id='word_1_124' title='bbox 174 2465 175 2468; x_wconf 8' lang='grc' dir='ltr'><strong>Ἴ</strong></span> <span class='ocrx_word' id='word_1_125' title='bbox 241 2389 314 2468; x_wconf 89' lang='lat' dir='ltr'><strong><em>hoc,</em></strong></span> <span class='ocrx_word' id='word_1_126' title='bbox 331 2393 372 2453; x_wconf 89' lang='lat' dir='ltr'><strong><em>ut</em></strong></span> <span class='ocrx_word' id='word_1_127' title='bbox 386 2393 531 2452; x_wconf 88' lang='lat' dir='ltr'><strong><em>cunctae</em></strong></span> <span class='ocrx_word' id='word_1_128' title='bbox 545 2389 636 2453; x_wconf 92' lang='lat' dir='ltr'><strong><em>aliae</em></strong></span> <span class='ocrx_word' id='word_1_129' title='bbox 652 2391 696 2452; x_wconf 92' lang='lat' dir='ltr'><strong><em>ab</em></strong></span> <span class='ocrx_word' id='word_1_130' title='bbox 713 2389 899 2452; x_wconf 78' lang='lat' dir='ltr'><strong><em>Ordinatio</em></strong></span> <span class='ocrx_word' id='word_1_131' title='bbox 914 2391 981 2452; x_wconf 90' lang='lat' dir='ltr'><strong><em>loci</em></strong></span> <span class='ocrx_word' id='word_1_132' title='bbox 998 2391 1035 2452; x_wconf 91' lang='lat' dir='ltr'><strong><em>in</em></strong></span> <span class='ocrx_word' id='word_1_133' title='bbox 1051 2395 1127 2453; x_wconf 90' lang='lat' dir='ltr'><strong><em>tota</em></strong></span> <span class='ocrx_word' id='word_1_134' title='bbox 1144 2391 1290 2454; x_wconf 87' lang='lat' dir='ltr'><strong><em>dioecesi</em></strong></span> <span class='ocrx_word' id='word_1_135' title='bbox 1306 2395 1441 2454; x_wconf 82' lang='lat' dir='ltr'><strong><em>erectae</em></strong></span> 
     </span>
     <span class='ocr_line' id='line_1_21' title="bbox 240 2488 1440 2573; baseline 0.002 -19"><span class='ocrx_word' id='word_1_136' title='bbox 240 2507 300 2554; x_wconf 91' lang='lat' dir='ltr'><strong><em>seu</em></strong></span> <span class='ocrx_word' id='word_1_137' title='bbox 317 2491 509 2570; x_wconf 79' lang='lat' dir='ltr'><strong><em>erigendae,</em></strong></span> <span class='ocrx_word' id='word_1_138' title='bbox 526 2496 730 2570; x_wconf 84' lang='lat' dir='ltr'><strong><em>aggregatae</em></strong></span> <span class='ocrx_word' id='word_1_139' title='bbox 748 2488 962 2570; x_wconf 87' lang='lat' dir='ltr'><strong><em>censeantur,</em></strong></span> <span class='ocrx_word' id='word_1_140' title='bbox 980 2496 1016 2556; x_wconf 92' lang='lat' dir='ltr'><strong><em>et</em></strong></span> <span class='ocrx_word' id='word_1_141' title='bbox 1033 2493 1185 2556; x_wconf 88' lang='lat' dir='ltr'><strong><em>omnium</em></strong></span> <span class='ocrx_word' id='word_1_142' title='bbox 1204 2493 1440 2573; x_wconf 87' lang='lat' dir='ltr'><strong><em>spiritualium</em></strong></span> 
     </span>
     <span class='ocr_line' id='line_1_22' title="bbox 240 2592 1440 2673; baseline 0.003 -17"><span class='ocrx_word' id='word_1_143' title='bbox 240 2592 432 2672; x_wconf 90' lang='lat' dir='ltr'><strong><em>gratiarum</em></strong></span> <span class='ocrx_word' id='word_1_144' title='bbox 445 2597 481 2656; x_wconf 92' lang='lat' dir='ltr'><strong><em>et</em></strong></span> <span class='ocrx_word' id='word_1_145' title='bbox 495 2594 799 2673; x_wconf 88' lang='lat' dir='ltr'><strong><em>indulgentiarum,</em></strong></span> <span class='ocrx_word' id='word_1_146' title='bbox 814 2593 938 2673; x_wconf 87' lang='lat' dir='ltr'><strong><em>quibus</em></strong></span> <span class='ocrx_word' id='word_1_147' title='bbox 953 2594 1048 2658; x_wconf 89' lang='lat' dir='ltr'><strong><em>dicta</em></strong></span> <span class='ocrx_word' id='word_1_148' title='bbox 1062 2595 1440 2660; x_wconf 86' lang='lat' dir='ltr'><strong><em>Archicontraternitas</em></strong></span> 
     </span>
     <span class='ocr_line' id='line_1_23' title="bbox 241 2695 724 2776; baseline 0.006 -20"><span class='ocrx_word' id='word_1_149' title='bbox 241 2697 381 2775; x_wconf 82' lang='lat' dir='ltr'><strong><em>imitar,</em></strong></span> <span class='ocrx_word' id='word_1_150' title='bbox 398 2695 582 2776; x_wconf 86' lang='lat' dir='ltr'><strong><em>perticipes</em></strong></span> <span class='ocrx_word' id='word_1_151' title='bbox 600 2695 724 2760; x_wconf 83' lang='lat' dir='ltr'><strong><em>sint²⁰⁰</em></strong></span> 
     </span>
    </p>

    <p class='ocr_par' dir='ltr' id='par_1_6' title="bbox 239 2797 1441 3270">
     <span class='ocr_line' id='line_1_24' title="bbox 288 2797 1441 2879; baseline 0 -17"><span class='ocrx_word' id='word_1_152' title='bbox 288 2798 338 2876; x_wconf 86' lang='lat' dir='ltr'><strong><em>(a)</em></strong></span> <span class='ocrx_word' id='word_1_153' title='bbox 366 2799 471 2861; x_wconf 86' lang='lat' dir='ltr'><strong><em>Hisce</em></strong></span> <span class='ocrx_word' id='word_1_154' title='bbox 495 2799 628 2860; x_wconf 89' lang='lat' dir='ltr'><strong><em>duabus</em></strong></span> <span class='ocrx_word' id='word_1_155' title='bbox 653 2798 1008 2862; x_wconf 77' lang='lat' dir='ltr'><strong><em>confraternitatibus</em></strong></span> <span class='ocrx_word' id='word_1_156' title='bbox 1033 2798 1116 2861; x_wconf 90' lang='lat' dir='ltr'><strong><em>addi</em></strong></span> <span class='ocrx_word' id='word_1_157' title='bbox 1140 2803 1280 2878; x_wconf 77' lang='lat' dir='ltr'><strong><em>possent</em></strong></span> <span class='ocrx_word' id='word_1_158' title='bbox 1304 2797 1441 2879; x_wconf 88' lang='lat' dir='ltr'><strong><em>aliquae</em></strong></span> 
     </span>
     <span class='ocr_line' id='line_1_25' title="bbox 240 2899 1440 2981; baseline 0 -18"><span class='ocrx_word' id='word_1_159' title='bbox 240 2901 318 2981; x_wconf 88' lang='lat' dir='ltr'><strong><em>piae</em></strong></span> <span class='ocrx_word' id='word_1_160' title='bbox 347 2899 592 2964; x_wconf 87' lang='lat' dir='ltr'><strong><em>associationes</em></strong></span> <span class='ocrx_word' id='word_1_161' title='bbox 620 2900 836 2978; x_wconf 88' lang='lat' dir='ltr'><strong><em>recentiores,</em></strong></span> <span class='ocrx_word' id='word_1_162' title='bbox 864 2915 951 2978; x_wconf 90' lang='lat' dir='ltr'><strong><em>quae</em></strong></span> <span class='ocrx_word' id='word_1_163' title='bbox 978 2900 1111 2979; x_wconf 85' lang='lat' dir='ltr'><strong><em>pariter</em></strong></span> <span class='ocrx_word' id='word_1_164' title='bbox 1138 2900 1172 2962; x_wconf 87' lang='lat' dir='ltr'><strong><em>vi</em></strong></span> <span class='ocrx_word' id='word_1_165' title='bbox 1202 2900 1440 2979; x_wconf 88' lang='lat' dir='ltr'><strong><em>dispositionis</em></strong></span> 
     </span>
     <span class='ocr_line' id='line_1_26' title="bbox 239 3001 1440 3082; baseline 0.002 -19"><span class='ocrx_word' id='word_1_166' title='bbox 239 3002 409 3082; x_wconf 86' lang='lat' dir='ltr'><strong><em>generalis</em></strong></span> <span class='ocrx_word' id='word_1_167' title='bbox 427 3004 592 3081; x_wconf 88' lang='lat' dir='ltr'><strong><em>quasdam</em></strong></span> <span class='ocrx_word' id='word_1_168' title='bbox 611 3002 845 3080; x_wconf 88' lang='lat' dir='ltr'><strong><em>indulgentias</em></strong></span> <span class='ocrx_word' id='word_1_169' title='bbox 864 3002 1078 3081; x_wconf 87' lang='lat' dir='ltr'><strong><em>participant</em></strong></span> <span class='ocrx_word' id='word_1_170' title='bbox 1095 3001 1172 3082; x_wconf 86' lang='lat' dir='ltr'><strong><em>ipso</em></strong></span> <span class='ocrx_word' id='word_1_171' title='bbox 1190 3001 1284 3065; x_wconf 84' lang='lat' dir='ltr'><strong><em>tacto</em></strong></span> <span class='ocrx_word' id='word_1_172' title='bbox 1302 3001 1440 3066; x_wconf 89' lang='lat' dir='ltr'><strong><em>institn-</em></strong></span> 
     </span>
     <span class='ocr_line' id='line_1_27' title="bbox 240 3101 1438 3183; baseline -0.003 -15"><span class='ocrx_word' id='word_1_173' title='bbox 240 3105 358 3182; x_wconf 91' lang='lat' dir='ltr'><strong><em>tionis,</em></strong></span> <span class='ocrx_word' id='word_1_174' title='bbox 371 3104 454 3167; x_wconf 89' lang='lat' dir='ltr'><strong><em>licet</em></strong></span> <span class='ocrx_word' id='word_1_175' title='bbox 468 3104 518 3167; x_wconf 92' lang='lat' dir='ltr'><strong><em>eis</em></strong></span> <span class='ocrx_word' id='word_1_176' title='bbox 533 3103 624 3167; x_wconf 87' lang='lat' dir='ltr'><strong><em>desit</em></strong></span> <span class='ocrx_word' id='word_1_177' title='bbox 639 3101 796 3166; x_wconf 76' lang='lat' dir='ltr'><strong><em>formalis</em></strong></span> <span class='ocrx_word' id='word_1_178' title='bbox 810 3107 845 3167; x_wconf 93' lang='lat' dir='ltr'><strong><em>et</em></strong></span> <span class='ocrx_word' id='word_1_179' title='bbox 859 3104 999 3183; x_wconf 89' lang='lat' dir='ltr'><strong><em>proprie</em></strong></span> <span class='ocrx_word' id='word_1_180' title='bbox 1013 3103 1107 3166; x_wconf 89' lang='lat' dir='ltr'><strong><em>dicta</em></strong></span> <span class='ocrx_word' id='word_1_181' title='bbox 1121 3103 1249 3167; x_wconf 88' lang='lat' dir='ltr'><strong><em>erectio</em></strong></span> <span class='ocrx_word' id='word_1_182' title='bbox 1264 3104 1438 3167; x_wconf 87' lang='lat' dir='ltr'><strong><em>canonica.</em></strong></span> 
     </span>
     <span class='ocr_line' id='line_1_28' title="bbox 239 3206 454 3270; baseline -0.005 -2"><span class='ocrx_word' id='word_1_183' title='bbox 239 3206 339 3270; x_wconf 79' lang='lat' dir='ltr'><strong><em>&#39;Pales</em></strong></span> <span class='ocrx_word' id='word_1_184' title='bbox 355 3209 454 3268; x_wconf 90' lang='lat' dir='ltr'><strong><em>sunt:</em></strong></span> 
     </span>
    </p>

    <p class='ocr_par' dir='ltr' id='par_1_7' title="bbox 239 3306 1439 3478">
     <span class='ocr_line' id='line_1_29' title="bbox 283 3306 1439 3386; baseline -0.001 -15"><span class='ocrx_word' id='word_1_185' title='bbox 283 3307 493 3371; x_wconf 69' lang='lat' dir='ltr'><strong><em>sodalitates</em></strong></span> <span class='ocrx_word' id='word_1_186' title='bbox 521 3311 642 3370; x_wconf 84' lang='lat' dir='ltr'><strong><em>contra</em></strong></span> <span class='ocrx_word' id='word_1_187' title='bbox 668 3307 898 3385; x_wconf 87' lang='lat' dir='ltr'><strong><em>blasphemias</em></strong></span> <span class='ocrx_word' id='word_1_188' title='bbox 925 3311 960 3370; x_wconf 91' lang='lat' dir='ltr'><strong><em>et</em></strong></span> <span class='ocrx_word' id='word_1_189' title='bbox 987 3306 1260 3386; x_wconf 87' lang='lat' dir='ltr'><strong><em>imprecationes,</em></strong></span> <span class='ocrx_word' id='word_1_190' title='bbox 1287 3312 1439 3386; x_wconf 89' lang='lat' dir='ltr'><strong><em>tempore</em></strong></span> 
     </span>
     <span class='ocr_line' id='line_1_30' title="bbox 239 3408 1157 3478; baseline -0.002 -4"><span class='ocrx_word' id='word_1_191' title='bbox 239 3411 439 3476; x_wconf 87' lang='lat' dir='ltr'><strong><em>missionum</em></strong></span> <span class='ocrx_word' id='word_1_192' title='bbox 457 3412 498 3473; x_wconf 91' lang='lat' dir='ltr'><strong><em>de</em></strong></span> <span class='ocrx_word' id='word_1_193' title='bbox 515 3409 657 3472; x_wconf 87' lang='lat' dir='ltr'><strong><em>licentia</em></strong></span> <span class='ocrx_word' id='word_1_194' title='bbox 675 3409 855 3478; x_wconf 85' lang='lat' dir='ltr'><strong><em>Ordinarii</em></strong></span> <span class='ocrx_word' id='word_1_195' title='bbox 870 3408 1157 3472; x_wconf 82' lang='lat' dir='ltr'><strong><em>instituendae.²⁰²</em></strong></span> 
     </span>
    </p>

    <p class='ocr_par' dir='ltr' id='par_1_8' title="bbox 239 3509 1440 3898">
     <span class='ocr_line' id='line_1_31' title="bbox 280 3509 1440 3589; baseline -0.001 -15"><span class='ocrx_word' id='word_1_196' title='bbox 280 3513 419 3577; x_wconf 85' lang='lat' dir='ltr'><strong><em>Necnon</em></strong></span> <span class='ocrx_word' id='word_1_197' title='bbox 433 3512 643 3575; x_wconf 82' lang='lat' dir='ltr'><strong><em>Sodalitates</em></strong></span> <span class='ocrx_word' id='word_1_198' title='bbox 654 3511 691 3573; x_wconf 88' lang='lat' dir='ltr'><strong><em>in</em></strong></span> <span class='ocrx_word' id='word_1_199' title='bbox 702 3512 862 3574; x_wconf 89' lang='lat' dir='ltr'><strong><em>honorem</em></strong></span> <span class='ocrx_word' id='word_1_200' title='bbox 875 3511 1121 3574; x_wconf 86' lang='lat' dir='ltr'><strong><em>Immaculatae</em></strong></span> <span class='ocrx_word' id='word_1_201' title='bbox 1131 3511 1287 3589; x_wconf 87' lang='lat' dir='ltr'><strong><em>Virginis</em></strong></span> <span class='ocrx_word' id='word_1_202' title='bbox 1299 3509 1440 3582; x_wconf 84' lang='lat' dir='ltr'><strong><em>Mariae,</em></strong></span> 
     </span>
     <span class='ocr_line' id='line_1_32' title="bbox 239 3612 1438 3696; baseline -0.003 -17"><span class='ocrx_word' id='word_1_203' title='bbox 239 3619 274 3679; x_wconf 89' lang='lat' dir='ltr'><strong><em>et</em></strong></span> <span class='ocrx_word' id='word_1_204' title='bbox 299 3615 334 3678; x_wconf 82' lang='lat' dir='ltr'><strong><em>S.</em></strong></span> <span class='ocrx_word' id='word_1_205' title='bbox 357 3615 502 3694; x_wconf 84' lang='lat' dir='ltr'><strong><em>Aloysii,</em></strong></span> <span class='ocrx_word' id='word_1_206' title='bbox 525 3616 570 3677; x_wconf 89' lang='lat' dir='ltr'><strong><em>ad</em></strong></span> <span class='ocrx_word' id='word_1_207' title='bbox 594 3613 763 3696; x_wconf 86' lang='lat' dir='ltr'><strong><em>colloquia</em></strong></span> <span class='ocrx_word' id='word_1_208' title='bbox 786 3616 822 3676; x_wconf 89' lang='lat' dir='ltr'><strong><em>et</em></strong></span> <span class='ocrx_word' id='word_1_209' title='bbox 846 3613 940 3692; x_wconf 85' lang='lat' dir='ltr'><strong><em>jocos</em></strong></span> <span class='ocrx_word' id='word_1_210' title='bbox 963 3613 1162 3676; x_wconf 89' lang='lat' dir='ltr'><strong><em>inhonestos</em></strong></span> <span class='ocrx_word' id='word_1_211' title='bbox 1186 3612 1438 3692; x_wconf 84' lang='lat' dir='ltr'><strong><em>extrirpandos‚</em></strong></span> 
     </span>
     <span class='ocr_line' id='line_1_33' title="bbox 242 3711 1440 3797; baseline -0.003 -17"><span class='ocrx_word' id='word_1_212' title='bbox 242 3734 328 3797; x_wconf 90' lang='lat' dir='ltr'><strong><em>quae</em></strong></span> <span class='ocrx_word' id='word_1_213' title='bbox 353 3717 441 3796; x_wconf 89' lang='lat' dir='ltr'><strong><em>erigi</em></strong></span> <span class='ocrx_word' id='word_1_214' title='bbox 467 3720 613 3797; x_wconf 87' lang='lat' dir='ltr'><strong><em>possunt</em></strong></span> <span class='ocrx_word' id='word_1_215' title='bbox 640 3716 764 3794; x_wconf 88' lang='lat' dir='ltr'><strong><em>ubique</em></strong></span> <span class='ocrx_word' id='word_1_216' title='bbox 790 3711 942 3778; x_wconf 89' lang='lat' dir='ltr'><strong><em>locorum</em></strong></span> <span class='ocrx_word' id='word_1_217' title='bbox 969 3733 990 3778; x_wconf 90' lang='lat' dir='ltr'><strong><em>a</em></strong></span> <span class='ocrx_word' id='word_1_218' title='bbox 1018 3715 1136 3794; x_wconf 88' lang='lat' dir='ltr'><strong><em>quovis</em></strong></span> <span class='ocrx_word' id='word_1_219' title='bbox 1164 3716 1341 3777; x_wconf 87' lang='lat' dir='ltr'><strong><em>sacerdote</em></strong></span> <span class='ocrx_word' id='word_1_220' title='bbox 1369 3714 1440 3776; x_wconf 88' lang='lat' dir='ltr'><strong><em>sive</em></strong></span> 
     </span>
     <span class='ocr_line' id='line_1_34' title="bbox 241 3816 1360 3898; baseline -0.003 -15"><span class='ocrx_word' id='word_1_221' title='bbox 241 3819 411 3883; x_wconf 87' lang='lat' dir='ltr'><strong><em>saeculari</em></strong></span> <span class='ocrx_word' id='word_1_222' title='bbox 427 3820 498 3882; x_wconf 88' lang='lat' dir='ltr'><strong><em>sive</em></strong></span> <span class='ocrx_word' id='word_1_223' title='bbox 513 3819 676 3898; x_wconf 82' lang='lat' dir='ltr'><strong><em>regulari]</em></strong></span> <span class='ocrx_word' id='word_1_224' title='bbox 694 3818 926 3881; x_wconf 88' lang='lat' dir='ltr'><strong><em>annuentibus</em></strong></span> <span class='ocrx_word' id='word_1_225' title='bbox 941 3819 1094 3880; x_wconf 88' lang='lat' dir='ltr'><strong><em>locorum</em></strong></span> <span class='ocrx_word' id='word_1_226' title='bbox 1112 3816 1360 3880; x_wconf 78' lang='lat' dir='ltr'><strong><em>ordinariis.²⁰²</em></strong></span> 
     </span>
    </p>
   </div>
   <div class='ocr_carea' id='block_1_3' title="bbox 411 3935 1272 4118">
    <p class='ocr_par' dir='ltr' id='par_1_9' title="bbox 411 3935 1272 4118">
     <span class='ocr_line' id='line_1_35' title="bbox 411 3935 1272 4016; baseline -0.002 -16"><span class='ocrx_word' id='word_1_227' title='bbox 411 3936 461 4014; x_wconf 83' lang='lat' dir='ltr'><strong><em>(a)</em></strong></span> <span class='ocrx_word' id='word_1_228' title='bbox 488 3938 730 4016; x_wconf 86' lang='lat' dir='ltr'><strong><em>Indalgentiae</em></strong></span> <span class='ocrx_word' id='word_1_229' title='bbox 746 3938 905 3999; x_wconf 84' lang='lat' dir='ltr'><strong><em>obtentae</em></strong></span> <span class='ocrx_word' id='word_1_230' title='bbox 918 3953 981 4015; x_wconf 83' lang='lat' dir='ltr'><strong><em>per</em></strong></span> <span class='ocrx_word' id='word_1_231' title='bbox 995 3935 1272 4016; x_wconf 76' lang='lat' dir='ltr'><strong><em>aggregationem</em></strong></span> 
     </span>
     <span class='ocr_line' id='line_1_36' title="bbox 639 4038 1039 4118; baseline 0 -18"><span class='ocrx_word' id='word_1_232' title='bbox 639 4038 1039 4118; x_wconf 74' lang='lat' dir='ltr'><strong><em>Arabiaoniraternitati.</em></strong></span> 
     </span>
    </p>
   </div>
   <div class='ocr_carea' id='block_1_4' title="bbox 284 4155 1439 4254">
    <p class='ocr_par' dir='ltr' id='par_1_10' title="bbox 284 4155 1439 4254">
     <span class='ocr_line' id='line_1_37' title="bbox 284 4155 1439 4254; baseline -0.001 -35"><span class='ocrx_word' id='word_1_233' title='bbox 284 4155 392 4236; x_wconf 82' lang='lat' dir='ltr'><strong><em>Saepe</em></strong></span> <span class='ocrx_word' id='word_1_234' title='bbox 407 4157 554 4236; x_wconf 86' lang='lat' dir='ltr'><strong><em>saepius,</em></strong></span> <span class='ocrx_word' id='word_1_235' title='bbox 572 4161 613 4220; x_wconf 91' lang='lat' dir='ltr'><strong><em>ut</em></strong></span> <span class='ocrx_word' id='word_1_236' title='bbox 629 4157 908 4220; x_wconf 86' lang='lat' dir='ltr'><strong><em>Ooufraternitas</em></strong></span> <span class='ocrx_word' id='word_1_237' title='bbox 924 4155 1151 4235; x_wconf 88' lang='lat' dir='ltr'><strong><em>indulgentiis</em></strong></span> <span class='ocrx_word' id='word_1_238' title='bbox 1167 4156 1301 4254; x_wconf 65' lang='lat' dir='ltr'><strong><em>pertrui</em></strong></span> <span class='ocrx_word' id='word_1_239' title='bbox 1317 4155 1439 4233; x_wconf 86' lang='lat' dir='ltr'><strong><em>possit,</em></strong></span> 
     </span>
    </p>
   </div>
   <div class='ocr_carea' id='block_1_5' title="bbox 273 4352 918 4575">
    <p class='ocr_par' dir='ltr' id='par_1_11' title="bbox 273 4352 918 4575">
     <span class='ocr_line' id='line_1_38' title="bbox 273 4352 870 4411; baseline -0.012 -2"><span class='ocrx_word' id='word_1_240' title='bbox 273 4357 426 4408; x_wconf 68' lang='lat' dir='ltr'><strong><em>”Decret</em></strong></span> <span class='ocrx_word' id='word_1_241' title='bbox 436 4355 518 4407; x_wconf 83' lang='lat' dir='ltr'><strong><em>auth.</em></strong></span> <span class='ocrx_word' id='word_1_242' title='bbox 528 4367 557 4405; x_wconf 93' lang='lat' dir='ltr'><strong><em>n.</em></strong></span> <span class='ocrx_word' id='word_1_243' title='bbox 568 4354 610 4411; x_wconf 81' lang='lat'><strong><em>35,</em></strong></span> <span class='ocrx_word' id='word_1_244' title='bbox 621 4353 654 4405; x_wconf 80' lang='lat'><strong><em>23</em></strong></span> <span class='ocrx_word' id='word_1_245' title='bbox 671 4353 775 4404; x_wconf 84' lang='lat' dir='ltr'><strong><em>Martii</em></strong></span> <span class='ocrx_word' id='word_1_246' title='bbox 792 4352 870 4404; x_wconf 75' lang='grc'><strong>1711.</strong></span> 
     </span>
     <span class='ocr_line' id='line_1_39' title="bbox 273 4420 917 4482; baseline -0.008 -6"><span class='ocrx_word' id='word_1_247' title='bbox 273 4426 300 4454; x_wconf 81' lang='lat'><strong><em>”¹</em></strong></span> <span class='ocrx_word' id='word_1_248' title='bbox 310 4425 386 4476; x_wconf 81' lang='lat' dir='ltr'><strong><em>Acta</em></strong></span> <span class='ocrx_word' id='word_1_249' title='bbox 403 4425 528 4476; x_wconf 66' lang='lat' dir='ltr'><strong><em>&amp;neme</em></strong></span> <span class='ocrx_word' id='word_1_250' title='bbox 546 4422 640 4482; x_wconf 83' lang='lat' dir='ltr'><strong><em>Sedis,</em></strong></span> <span class='ocrx_word' id='word_1_251' title='bbox 654 4421 712 4474; x_wconf 86' lang='lat' dir='ltr'><strong><em>vol.</em></strong></span> <span class='ocrx_word' id='word_1_252' title='bbox 731 4422 756 4480; x_wconf 88' lang='lat'><strong><em>1,</em></strong></span> <span class='ocrx_word' id='word_1_253' title='bbox 773 4433 839 4481; x_wconf 76' lang='lat' dir='ltr'><strong><em>pag.</em></strong></span> <span class='ocrx_word' id='word_1_254' title='bbox 856 4420 917 4472; x_wconf 80' lang='grc'><strong>323.</strong></span> 
     </span>
     <span class='ocr_line' id='line_1_40' title="bbox 273 4489 918 4575; baseline -0.011 -28"><span class='ocrx_word' id='word_1_255' title='bbox 273 4494 386 4547; x_wconf 67' lang='lat' dir='ltr'><strong><em>”Acta</em></strong></span> <span class='ocrx_word' id='word_1_256' title='bbox 403 4493 529 4546; x_wconf 80' lang='lat' dir='ltr'><strong><em>Sanctae</em></strong></span> <span class='ocrx_word' id='word_1_257' title='bbox 547 4491 641 4575; x_wconf 80' lang='lat' dir='ltr'><strong><em>Sedis,</em></strong></span> <span class='ocrx_word' id='word_1_258' title='bbox 657 4491 715 4544; x_wconf 86' lang='lat' dir='ltr'><strong><em>vol.</em></strong></span> <span class='ocrx_word' id='word_1_259' title='bbox 732 4490 758 4550; x_wconf 84' lang='lat'><strong><em>1,</em></strong></span> <span class='ocrx_word' id='word_1_260' title='bbox 774 4502 840 4551; x_wconf 71' lang='lat' dir='ltr'><strong><em>pas.</em></strong></span> <span class='ocrx_word' id='word_1_261' title='bbox 857 4489 918 4542; x_wconf 77' lang='lat'>³11.</span> 
     </span>
    </p>
   </div>
   <div class='ocr_carea' id='block_1_6' title="bbox 0 0 1672 5166">
    <p class='ocr_par' dir='ltr' id='par_1_12' title="bbox 0 0 1672 5166">
     <span class='ocr_line' id='line_1_41' title="bbox 0 0 1672 5166; baseline 0 0"><span class='ocrx_word' id='word_1_262' title='bbox 0 0 1672 5166; x_wconf 95' lang='lat' dir='ltr'><strong><em> </em></strong></span> 
     </span>
    </p>
   </div>
  </div>
 </body>
</html>
