3340 5170
523 398 574 455 De
593 396 930 470 confraternitatibua
946 397 1188 482 Ecclesiastiois
1428 398 1466 458 21

269 600 391 663 deinde
412 600 539 664 abusus
561 600 779 679 multiplices.
822 599 974 663 Honoris
995 601 1090 664 locus
1111 601 1149 662 in
1169 602 1312 665 ecclesia
1333 603 1466 665 occasio

269 719 471 781 permanens
496 702 600 764 fiebat
624 703 739 764 luctae
763 702 982 780 ambitiosae;
1009 703 1241 782 processiones
1268 708 1480 782 praetextus,

269 821 376 867 vanae
398 803 719 880 demonstrationis3
743 820 943 882 congressus
963 804 1042 866 fons
1064 805 1312 883 dissolutionis,
1334 806 1403 866 imo
1425 799 1467 866 'ri-

268 923 389 967 xarum
401 905 586 982 aliquando
598 909 633 966 et
644 905 936 967 machinationum
948 906 1177 983 politicarum.
1199 906 1374 968 Audiatur
1385 906 1467 984 quid

271 1009 361 1070 circa
385 1009 473 1070 banc
496 1025 567 1069 rem
591 1007 782 1069 Concilium
805 1008 1077 1086 Rotbomagense
1101 1026 1191 1072 anno
1216 998 1467 1072 traduxerit:

272 1109 605 1172 “Confraternitates
639 1126 725 1187 quae
757 1127 799 1172 ex
829 1107 961 1188 pietate
994 1111 1057 1172 sub
1090 1111 1196 1173 titulo
1230 1111 1467 1174 “Cantatum'’

270 1197 403 1274 erectae
420 1215 511 1289 sunt,
530 1215 653 1273 nocent
670 1211 786 1291 potius
804 1211 962 1274 fidelibus
980 1212 1194 1274 deturbando
1212 1214 1365 1275 ordinem
1384 1231 1468 1275 com-

270 1330 405 1375 munem
418 1313 656 1390 ecclesiarum;
672 1313 853 1374 insinuant
868 1313 1039 1375 mentibus
1055 1314 1261 1376 desiderium
1277 1315 1468 1394 inquietum

272 1415 470 1477 dominandi
505 1432 546 1476 ac
581 1414 761 1476 fanatismi
796 1414 950 1492 speciem.
998 1415 1156 1493 Erigitur
1192 1416 1230 1477 in
1266 1434 1469 1494 unaquaque

271 1517 414 1580 ecclesia
435 1517 546 1578 altare
567 1519 688 1579 contra
709 1517 831 1593 altare,
853 1516 1038 1594 opponitur
1060 1516 1267 1579 sacrificium
1289 1517 1469 1596 sacrificio,

272 1619 428 1680 sacerdos
451 1617 631 1695 sacerdoti,
653 1618 822 1696 parochus
845 1617 1010 1695 parocho;
1034 1618 1257 1680 nibilominus
1280 1620 1378 1682 nobis
1401 1637 1470 1681 nou

271 1721 406 1782 videtur
437 1736 571 1782 necesse
601 1735 674 1782 esse
705 1722 744 1782 ut
775 1719 979 1781 aboleantur
1015 1720 1351 1798 (confraternitates)
1389 1721 1471 1799 quia

272 1823 390 1901 negari
404 1822 523 1900 nequit
535 1822 572 1882 in
585 1821 664 1882 istis
679 1838 739 1899 per
753 1838 789 1882 se
801 1821 906 1882 etiam
919 1821 1009 1883 bona
1021 1838 1125 1899 opera
1140 1821 1214 1883 fleri
1228 1839 1352 1900 easque
1366 1823 1470 1885 utiles

271 1942 344 1987 esse
362 1923 509 2003 publicis
521 1924 566 1984 ‘in
584 1923 859 2000 calamitatibus;
879 1923 1006 1986 abusus
1026 1927 1163 1985 tantum
1183 1941 1201 1986 e
1220 1925 1331 1986 medio
1349 1926 1471 1987 tollere

272 2027 459 2090 volumus.''
535 2047 536 2050 ¹

316 2128 486 2190 Suffultae
511 2130 547 2189 et
572 2126 793 2188 confirmatae
819 2126 937 2188 favore
962 2130 997 2188 et
1024 2127 1149 2205 plausu
1174 2127 1361 2189 universali
1388 2127 1471 2189 Con-

271 2229 512 2293 fraternitates
530 2228 750 2306 erigebantur
767 2227 886 2289 multis
903 2228 941 2289 in
958 2227 1042 2288 locis
1059 2232 1095 2290 et
1112 2227 1223 2306 primo
1240 2213 1375 2307 quidem
1394 2247 1471 2292 cum

272 2331 482 2395 auctoritate
523 2329 685 2409 Episcopi
728 2333 764 2392 et
806 2329 990 2407 potestatis
1033 2331 1233 2407 temporalis
1277 2331 1469 2410 adjutori03

273 2433 442 2513 paulatim
466 2449 544 2494 vero
568 2431 732 2510 culpabili
756 2431 902 2493 audacia
924 2431 1087 2507 abreptae
1109 2435 1291 2493 tentarunt
1314 2437 1472 2495 excutere

272 2536 391 2614 iugum
419 2522 599 2611 utriusque
625 2531 818 2610 potestatis,
846 2532 1027 2610 pluresque
1052 2531 1273 2616 erigebantur
1291 2533 1373 2596 ¹sine
1397 2535 1472 2597 ulla

273 2634 487 2698 formalitate
520 2639 657 2713 praeter
690 2634 862 2696 decretum
896 2633 1121 2695 fundatorum
1155 2635 1378 2712 quorumdam
1412 2635 1472 2713 qui

274 2739 387 2801 miuus
410 2736 535 2798 virtuti
557 2735 740 2799 inhiabant
764 2751 865 2812 quam
889 2735 1012 2796 famae.
1057 2736 1216 2796 Potestas
1241 2736 1335 2812 regia
1357 2736 1472 2815 impie

274 2845 365 2903 tates
388 2840 476 2901 istas
499 2837 699 2900 audaciores
722 2836 862 2898 fortiter
886 2836 1093 2914 reprimebat
1116 2835 1325 2914 diversisque
1349 2837 1386 2898 in
1411 2821 1473 2899 cir·

275 2940 494 3004 cumstantiis
515 2940 651 3002 decreta
674 2939 827 3014 rigorose
850 2937 960 2999 edidit
982 2940 1103 2998 contra
1124 2938 1337 3014 negotiorum
1359 2938 1474 3015 hujus-

275 3044 366 3104 modi
390 3046 557 3104 auctores.
605 3041 752 3102 Senatus
778 3057 819 3100 ex
844 3057 907 3100 sua
932 3042 1031 3116 parte
1057 3038 1199 3116 iuvabat
1224 3041 1473 3117 oppositionem

275 3144 469 3223 principum
489 3145 656 3223 pluraque
674 3141 828 3219 exempla
846 3139 944 3200 nobis
965 3140 1072 3201 refert
1091 3139 1238 3202 historia
1257 3142 1299 3203 de
1318 3159 1473 3220 suppres-

276 3247 370 3308 sione
393 3243 719 3307 confraternitatum
742 3259 763 3305 a
786 3241 930 3303 diversis
954 3240 1130 3303 senatibus
1153 3241 1300 3304 decreta.
1346 3243 1473 3322 HuJ‘us·

233 3353 235 3355 ’
275 3347 366 3409 modi
381 3345 659 3425 suppressionum
675 3342 761 3406 dicit
775 3343 930 3419 Lacroix,
946 3342 1072 3420 duplex
1086 3345 1163 3405 erat
1178 3343 1275 3404 finis:
1289 3344 1474 3424 reprimere

274 3449 436 3528 spiritum
461 3445 746 3525 independentiae
769 3463 791 3506 a
815 3443 1160 3506 confraternitatibus
1185 3444 1257 3507 illis
1280 3438 1473 3524 affectatae,

275 3569 315 3614 ac
335 3550 457 3613 deinde
476 3548 641 3627 impedire
660 3545 866 3609 excessivam
885 3545 1207 3623 multiplicationem
1228 3547 1352 3608 talium
1373 3547 1473 3609 socie

275 3655 398 3730 tatum,
414 3668 500 3730 quae
514 3653 655 3728 propter
669 3645 898 3710 conditionem
913 3650 1104 3723 temporum
1118 3645 1156 3707 in
1172 3647 1244 3708 dies
1258 3649 1475 3726 augebantur

275 3771 416 3816 numero
441 3752 609 3829 simulque
632 3750 768 3812 frenum
793 3765 911 3827 regum
935 3750 971 3810 et
996 3748 1243 3826 Episcoporum
1269 3749 1348 3810 duci
1373 3765 1474 3827 aegre

275 3856 442 3920 ferebant.
477 3845 572 3916 Haec
587 3856 707 3914 nostra
721 3851 837 3931 opinio
852 3850 1076 3914 confirmatur
1090 3851 1245 3928 sequenti
1261 3853 1334 3913 loco
1349 3853 1474 3915 hausto

276 3977 317 4022 ex
341 3958 500 4022 “Recueil
523 3959 582 4019 des
605 3956 705 4018 Lois’'
727 3954 890 4016 Ludovici
914 3955 956 4016 de
976 3954 1174 4032 dlericourt,
1199 3954 1357 4016 advocati
1381 3971 1474 4016 sena·

276 4063 368 4126 torii.
419 4063 566 4124 “Verum
595 4064 657 4138 est,
687 4059 852 4138 “inquit'’
880 4058 1023 4122 tolerari
1051 4056 1357 4119 confraternitates
1385 4056 1473 4118 istas

276 4169 335 4247 qui
358 4169 460 4230 finem
483 4166 550 4227 sibi
574 4165 810 4244 praestituunt
833 4162 1054 4225 conveniendi
1078 4162 1115 4223 in
1139 4162 1282 4224 ecclesia
1306 4177 1369 4240 pro
1393 4151 1473 4223 reci·

277 4273 393 4336 tandis
417 4270 575 4351 precibus
599 4269 845 4347 audiendisque
868 4267 1165 4343 instructionibus,
1191 4266 1384 4329 assistendo
1408 4265 1473 4326 offl-

269 4377 350 4456 xciis,
382 4374 587 4454 recipiendis
617 4372 868 4450 Sacramentis3
900 4370 1051 4450 quodsi
1083 4369 1284 4434 seditionem
1315 4372 1469 4447 movent3

278 4483 364 4544 alios
386 4480 633 4557 scandalizant,
655 4477 787 4556 sibique
808 4477 887 4556 iura
910 4479 1084 4554 arrogant,
1106 4475 1261 4554 bonores,
1284 4476 1359 4538 loca
1381 4492 1473 4553 prae·
