3336 5166
240 335 279 396 84
496 335 546 394 Dc
565 335 905 408 Oonfroteroitottbus
920 333 1163 392 Ecclesiasticis

242 529 469 608 infrigendus,
491 547 557 609 quo
579 529 751 609 Episcopo
771 547 832 610 per
851 531 942 593 diem
963 533 1044 593 ante
1066 531 1223 593 nuntiari
1245 532 1443 594 debuissent

243 648 331 711 quae
346 631 384 693 in
401 631 722 710 congregationibus
740 633 872 711 agenda
888 637 989 696 erant
998 651 1007 711 ;
1026 633 1095 695 imo
1112 633 1149 694 id
1166 649 1308 710 prorsus
1327 649 1348 696 a
1366 631 1443 711 J'ure

244 734 409 796 absonum
423 732 635 812 tidericum
651 733 796 812 speciem
810 735 992 814 quamdam
1008 734 1231 812 subjectionis
1247 751 1287 796 ac
1303 733 1444 795 servitu·

245 836 293 898 tis
310 853 393 915 prae
409 853 446 898 se
462 835 585 898 terat.”

288 937 427 1016 Semper
442 941 559 1000 tamen
576 937 711 1000 sodales
728 941 891 1001 tenentur
908 938 1086 1000 certiorem
1105 939 1218 1001 facere
1236 938 1444 1017 Episcopum

247 1040 289 1103 de
311 1039 387 1119 ipso
412 1038 560 1103 Comitio
585 1040 872 1119 extraordinario,
899 1041 1105 1104 declarando
1132 1040 1163 1102 ei
1189 1040 1290 1118 diem,
1316 1040 1445 1118 horam,

245 1142 357 1203 locum
380 1141 506 1221 inquo
530 1142 769 1203 celebrandum
791 1141 869 1220 erit,
894 1141 947 1204 uti
970 1144 1068 1221 patet
1089 1159 1131 1203 ex
1153 1142 1312 1220 superius
1336 1141 1447 1204 allata

246 1242 466 1322 responsione
484 1242 518 1306 S.
536 1242 573 1305 Ο.
591 1243 627 1305 Ο.
645 1243 683 1304 in
700 1242 888 1305 Assisiensi
905 1244 950 1305 ad
968 1244 1066 1305 l-um.

288 1345 438 1424 Expedit
462 1344 518 1406 bic
543 1361 688 1423 monera,
713 1346 804 1425 quod
828 1345 962 1407 sodales
987 1362 1056 1406 non
1080 1347 1244 1407 tenentur
1267 1347 1447 1424 expectare

138 1449 141 1461 '
247 1448 431 1510 adventum
456 1445 620 1525 Episcopi
646 1449 709 1509 aut
733 1445 808 1525 ejus
835 1447 993 1524 Delegati
1019 1447 1064 1508 ad
1089 1445 1322 1523 incipiendum
1348 1444 1446 1507 comi·

247 1550 345 1610 tium.
368 1549 512 1622 Quando
525 1548 702 1611 advenerit
714 1565 794 1626 ergo
807 1549 879 1614 dies
892 1553 928 1610 et
939 1549 1023 1610 bora
1034 1565 1096 1628 pro
1109 1549 1234 1610 comito
1247 1548 1448 1610 celebrando

247 1652 285 1714 in
303 1650 449 1714 statutis
467 1651 521 1713 rel
537 1650 659 1714 littera
676 1650 862 1713 monitoria
881 1652 926 1713 ad
943 1651 1152 1730 Episcopum
1171 1652 1392 1730 praestituta,
1412 1654 1448 1714 et

248 1751 454 1816 Ordinarius
495 1769 604 1832 neque
644 1751 719 1831 ejus
760 1752 947 1830 Delegatus
989 1753 1140 1814 nondum
1182 1753 1447 1832 comparuerint,

248 1858 393 1934 possunt
408 1854 541 1917 sodales
557 1854 679 1917 statim
694 1854 832 1917 incoare
848 1853 1024 1917 comitium
1040 1857 1075 1917 et
1090 1853 1204 1917 valide
1219 1871 1352 1917 sumere
1368 1854 1448 1917 deli·

248 1956 451 2020 berationes.
510 1956 558 2018 Et
596 1956 788 2034 Episcopus
826 1973 896 2017 non
934 1958 1048 2036 potest
1087 1957 1319 2035 praetendere,
1359 1955 1450 2035 quod

248 2058 511 2121 deliberationes
534 2058 572 2119 in
594 2058 671 2137 eius
694 2058 851 2120 absentia
872 2059 927 2120 vel
949 2057 986 2120 in
1011 2058 1167 2120 absentia
1191 2057 1266 2135 ejus
1291 2057 1450 2136 Delegati

249 2164 371 2239 captae
400 2159 530 2222 nullius
560 2159 633 2221 sint
662 2158 807 2237 valoris3
838 2177 918 2222 nam
949 2157 1056 2220 Sacra
1087 2159 1315 2237 congregatio
1344 2159 1380 2221 O.
1411 2158 1450 2220 in

251 2262 352 2325 civit.
368 2261 461 2324 Pleb.
479 2263 591 2325 die10
608 2263 688 2325 dan.
706 2261 799 2339 1760,
816 2262 1013 2340 paragraph
1030 2262 1069 2324 ,5.
1087 2263 1294 2324 declaravit:
1333 2263 1450 2341 “Epis-

250 2381 355 2443 copus
371 2381 441 2426 non
456 2368 570 2442 potest
586 2363 765 2444 probibere
780 2363 864 2442 quin
879 2364 1071 2426 habeantur
1086 2381 1108 2426 a
1125 2363 1300 2426 sodalibus
1317 2381 1451 2442 congre

250 2467 416 2545 gationes,
437 2465 491 2528 vel
512 2465 672 2529 officiales
694 2465 878 2543 eligantur,
900 2465 975 2527 sine
996 2482 1058 2527 suo
1080 2465 1200 2543 suique
1222 2465 1381 2544 deputati
1402 2466 1452 2528 in·

250 2567 439 2631 terventu.”

293 2671 414 2743 Quoad
440 2669 707 2748 praesidentiam
732 2668 770 2729 in
796 2666 955 2745 comitiis,
982 2668 1061 2745 ista,
1087 2667 1141 2730 uti
1167 2667 1238 2747 jam
1263 2667 1451 2744 innuimus,

252 2773 394 2834 debetur
405 2770 577 2850 Episcopo
588 2771 642 2832 vel
652 2769 728 2849 ejus
741 2770 906 2849 delegato.
941 2770 1039 2844 Quod
1052 2770 1083 2832 si
1095 2771 1164 2850 ipsi
1177 2771 1276 2834 ambo
1288 2769 1453 2834 deficiant

252 2876 388 2954 praeest
428 2872 567 2935 comitio
609 2873 807 2935 Moderator
844 2872 1164 2949 Contraternitatis,
1206 2873 1344 2936 etiamsi
1383 2891 1453 2936 non

251 2979 341 3038 esset
357 2976 411 3038 vir
427 2974 689 3038 ecclesiasticus.

336 3111 391 3186 (d)
421 3110 594 3188 Quomodo
609 3110 742 3172 sodales
759 3109 962 3172 incomitata
979 3111 1206 3173 resolutiones
1222 3113 1372 3190 copiunt.

294 3225 487 3289 Nonnullae
505 3227 642 3304 regulas
660 3227 752 3290 circa
771 3227 939 3290 sodalium
959 3229 1230 3308 deliberationes,
1250 3249 1335 3308 quas
1354 3249 1454 3293 nosse

253 3329 291 3390 in
311 3329 412 3408 praxi
431 3346 500 3389 non
519 3329 587 3391 erit
606 3328 742 3406 inutile,
762 3329 911 3392 breviter
931 3331 1070 3409 exponit
1090 3332 1231 3409 Bassus,
1252 3333 1290 3394 in
1310 3334 1454 3396 laudato

253 3447 355 3510 opere
365 3432 417 3494 De
430 3431 620 3494 sodalitiis.
655 3431 753 3493 Inter
765 3431 853 3494 alias
865 3433 952 3494 hanc
966 3432 1130 3511 pricipem
1143 3434 1270 3500 statuit
1283 3435 1454 3512 regulam:

255 3533 315 3596 “ut
334 3532 553 3611 congregatio
573 3533 644 3595 sive
664 3533 856 3596 adunantia
876 3534 919 3597 de
939 3551 1031 3596 more
1052 3535 1204 3612 legitime
1223 3536 1397 3614 intimata,
1419 3541 1454 3600 et

255 3637 448 3698 coadunata
469 3634 579 3713 possit
600 3629 832 3696 determinare
847 3638 883 3697 et
904 3636 1144 3699 resolutionem
1167 3654 1296 3715 capere,
1317 3639 1455 3702 etiamsi

255 3753 324 3799 non
341 3737 572 3800 interveniant
590 3738 680 3798 duae
696 3754 737 3798 ex
753 3737 867 3799 tribus
885 3737 1053 3816 partibus,
1072 3741 1134 3801 aut
1151 3739 1263 3817 maior
1280 3757 1363 3818 pars
1381 3758 1455 3803 con·

254 3840 404 3917 iratum3
430 3857 510 3900 nam
535 3837 646 3916 major
671 3855 752 3917 pars
778 3838 1025 3917 universitatis,
1053 3840 1196 3918 collegii,
1223 3859 1283 3903 seu
1309 3841 1453 3921 capituli

255 3941 481 4005 constituitur
502 3957 563 4019 per
582 3943 789 4018 praesentes,
811 3959 879 4002 non
901 3941 1019 4022 habita
1042 3941 1177 4004 ratione
1199 3943 1402 4023 absentium,
1415 3944 1456 3980 ¹³⁰

256 4044 437 4106 dummodo
457 4059 526 4104 non
547 4042 640 4105 adsit
661 4044 843 4120 statutum,
864 4044 954 4120 quod
976 4043 1072 4105 aliud
1092 4045 1305 4122 determinet,
1328 4045 1382 4107 uti
1404 4046 1457 4108 ob·

256 4149 370 4207 servat
388 4143 650 4206 ΜοιιιιοιιῙΙιιι.181

290 4294 447 4350 ¹”Bassus
465 4293 508 4344 Da
526 4292 689 4346 sodalitiis.
706 4293 831 4365 Quaest.¹
841 4291 884 4349 14,
901 4303 982 4344 num.
1000 4293 1024 4344 8.

291 4361 517 4420 ¹⁸²M0naoellus,
536 4373 582 4420 op.
599 4361 650 4412 cit.
669 4361 727 4412 rit.
747 4361 770 4419 t,
789 4361 838 4412 ior
856 4362 889 4413 11
907 4374 936 4413 u.
954 4361 996 4412 22.
