3340 5170
214 400 252 458 10
471 401 521 458 De
541 401 878 474 Oonsroterattotibas
896 403 1137 461 Ecclesiasticia

216 604 273 664 vix
305 621 372 664 non
403 621 518 666 omnes
547 605 766 682 tribuuntur)
803 606 880 666 ideo
912 605 1106 667 Summaria
1137 607 1323 668 secundum
1353 623 1412 668 eas

216 706 508 770 denominationes
523 711 683 768 accurate
697 707 834 782 disponi
848 724 916 767 non
931 707 1122 786 poterant.'’

258 813 581 891 Oonlraternitates,
604 813 655 875 ait
679 815 717 875 P.
742 815 937 876 Theodorus
960 833 982 876 a
1006 814 1141 893 Spiritu
1166 814 1306 898 Sancta
1327 831 1413 892 quae

211 915 474 992 ,conjunctiones
508 915 546 980 in
580 915 803 978 fraternitate
836 919 971 992 sonant,
1005 915 1097 977 sicut
1131 915 1413 994 consanguinitas

216 1016 490 1094 conjunctionem
517 1017 554 1077 in
581 1017 748 1094 sanguine
791 1064 799 1078 .
843 1064 851 1078 .
896 1064 903 1078 .
946 1018 1099 1096 fideliam
1127 1021 1209 1078 sont
1236 1033 1413 1095 ooaprapo

216 1120 327 1180 tiones
343 1119 381 1179 ia
397 1103 504 1180 onom
520 1121 720 1198 quandoque
737 1119 1009 1181 convenientiam
1026 1119 1071 1180 od
1089 1120 1255 1196 qooedom
1271 1118 1413 1196 pietatis

215 1219 324 1297 officio
352 1221 518 1297 obeundo,
546 1221 778 1282 ecclesiastico
806 1220 1015 1281 auctoritate
1043 1220 1245 1280 institutae:
1274 1223 1309 1280 et
1336 1220 1413 1280 ideo

194 1357 195 1360 =
214 1324 464 1388 ecclesiasticae
481 1321 668 1386 dicontur!

256 1426 308 1488 Ob
325 1425 569 1505 professionem
587 1426 677 1487 enim
694 1424 845 1503 ejusdem
862 1425 942 1488 fidei
958 1428 994 1487 et
1011 1426 1054 1487 ob
1071 1425 1244 1486 vinculum
1261 1413 1413 1505 ejusdem

214 1528 398 1590 charitatis
414 1527 464 1605 fit,
481 1531 521 1589 ut
538 1527 733 1606 spiritualis
749 1527 946 1606 coniunctio
963 1530 1147 1589 enascatur
1162 1527 1255 1588 inter
1272 1527 1412 1588 Obristi·

215 1630 341 1706 fideles,
370 1629 429 1707 qui
455 1629 598 1706 proinde
627 1630 663 1689 in
693 1628 809 1691 Sacris
837 1629 980 1690 Litteris
1009 1632 1176 1691 vocantur
1203 1629 1333 1707 fratres
1360 1628 1413 1690 vel

215 1733 416 1810 confratres.
451 1732 499 1792 At
512 1732 549 1792 in
562 1731 794 1808 societatibus,
808 1748 894 1809 quae
907 1731 944 1791 in
957 1730 1111 1792 Ecclesia
1124 1731 1265 1808 proprio
1278 1729 1413 1792 nomine

214 1837 381 1896 vocantur
396 1833 720 1912 Ooatroternitotea
733 1850 820 1894 nova
834 1831 1031 1909 conjunctio
1047 1832 1225 1910 artiusquc
1238 1831 1412 1894 vinculum

214 1937 307 1998 inter
328 1935 461 2009 sodales
483 1934 594 1997 inesse
616 1935 724 2011 debet,
747 1935 836 2012 quod
859 1934 994 2011 quidem
1016 1937 1152 2012 oportet
1174 1937 1215 1994 ut
1237 1937 1356 2012 pateat
1377 1935 1413 1994 et

214 2040 413 2102 exerceatur
424 2037 575 2099 exterius
589 2053 649 2114 per
663 2036 721 2114 pia
735 2039 813 2098 acta
826 2039 861 2097 et
875 2053 978 2114 opera
991 2037 1030 2096 ia
1043 2037 1213 2098 commoni
1227 2035 1412 2113 aliquando

213 2139 318 2202 iacta.
354 2120 449 2201 'lunc
463 2138 597 2216 quidem
612 2138 757 2199 habetur
769 2143 803 2200 et
817 2137 1029 2215 conspicitur
1042 2136 1239 2214 conjunctio
1253 2136 1412 2216 specialis

213 2242 253 2303 in
268 2241 501 2302 fraternitate.
540 2240 589 2301 Ut
607 2243 721 2312 autem
740 2240 822 2301 haec
840 2238 1037 2318 conjunctio
1055 2239 1092 2299 in
1111 2239 1335 2300 fraternitate
1352 2253 1412 2300 seu

214 2343 509 2421 confraternitate
533 2341 571 2402 in
597 2358 698 2402 sensu
724 2340 898 2402 Ecclesiae
922 2341 1098 2417 habeatur,
1125 2355 1259 2402 necesse
1283 2343 1346 2416 est,
1373 2341 1413 2400 ut

214 2444 424 2507 auctoritate
453 2443 563 2522 ipsius
593 2442 766 2504 Ecclesiae
793 2443 831 2503 in
861 2459 922 2503 suo
952 2459 1025 2504 esse
1053 2441 1298 2517 constituatur,
1327 2440 1412 2519 ejus·

214 2547 355 2624 demque
376 2545 553 2623 subjaceat
574 2543 766 2620 directioni,
788 2560 885 2604 secus
907 2561 976 2604 non
996 2547 1086 2604 esset
1107 2543 1350 2620 eeclesiastico,
1371 2543 1412 2604 de

213 2666 281 2728 qua
297 2651 434 2710 tantum
451 2648 514 2708 bac
530 2647 567 2707 in
583 2645 827 2708 dissertatione
843 2661 952 2706 sermo
966 2643 1045 2708 erit.

255 2751 408 2812 Joannes
434 2749 597 2827 Baptista
622 2749 724 2810 Bassi
748 2748 800 2810 ita
825 2749 867 2811 de
893 2748 1248 2810 Confraternitatibus
1273 2746 1411 2809 scribit:

214 2851 386 2930 “Cumque
417 2851 695 2913 Confraternitas
728 2849 898 2928 significet
931 2850 1157 2923 adunantiam
1189 2865 1412 2927 personarum

212 2955 350 3033 piorum
365 2953 538 3014 inordina
553 2953 597 3014 ad
614 2952 767 3014 divinum
783 2951 961 3013 servitium
977 2955 1012 3014 et
1028 2967 1132 3029 opera
1148 2949 1300 3028 pietatis,
1316 2954 1351 3012 et
1367 2948 1412 3011 ad

214 3057 276 3117 boc
303 3057 343 3117 ut
371 3055 563 3116 confratres
590 3054 627 3114 in
655 3053 890 3114 misericordia
917 3056 952 3114 et
980 3052 1162 3114 charitatis
1190 3051 1349 3130 operibus
1376 3067 1412 3112 se

214 3161 410 3233 exerceant;
439 3156 568 3218 idcirco
595 3155 622 3216 ii
650 3158 732 3216 sunt
760 3154 852 3216 inter
879 3154 1071 3216 confratres
1098 3151 1324 3230 adscribendi,
1352 3153 1412 3230 qui

213 3263 296 3321 sunt
329 3259 427 3337 probi
461 3258 528 3318 viri
561 3261 596 3319 et
630 3257 754 3319 timent
788 3257 907 3332 Deum,
942 3271 983 3316 ac
1017 3255 1187 3317 charitate
1222 3253 1413 3318 christiana

212 3360 383 3423 fervidi.'’⁴

255 3465 361 3526 Pater
381 3462 597 3542 Augustinus
617 3461 848 3524 Matthaeucci
867 3461 919 3523 ita
939 3460 1060 3522 definit
1081 3459 1411 3521 Confraternitates:

213 3566 358 3628 Nomine
385 3563 720 3626 Confraternitatum
754 3564 950 3641 (desumpta
978 3561 1253 3624 denominatione
1281 3580 1302 3624 a
1329 3559 1411 3622 Con·

212 3667 394 3743 iratribus,
415 3667 478 3727 boc
498 3669 551 3728 est
572 3665 671 3743 quasi
692 3664 872 3741 fratribus,
894 3663 998 3724 simul
1018 3663 1055 3724 in
1076 3663 1246 3725 charitate
1268 3680 1308 3724 ac
1329 3678 1412 3740 pace

213 3770 277 3831 sub
312 3768 415 3830 certis
450 3767 581 3844 legibus
615 3765 877 3845 respicientibus
913 3764 1066 3826 divinum
1102 3765 1243 3841 cultum,
1279 3763 1405 3838 unitis)

213 3869 355 3932 veniunt
393 3870 545 3946 Oollopio
581 3884 805 3945 personarum
843 3865 948 3926 libere
986 3866 1030 3928 ad
1064 3865 1231 3928 ¹exercitia
1269 3863 1411 3942 pietatis

212 3973 276 4036 sub
311 3971 460 4050 alicujus
497 3970 616 4032 Sancti
650 3969 756 4032 titulo
790 3971 825 4030 et
860 3967 1072 4047 protectione
1107 3967 1301 4045 exequenda
1338 3983 1411 4028 con·

212 4074 476 4154 gregatarnm.’'⁶

213 4275 424 4288 ——n-fl-

247 4390 424 4440 ⁸'l'ractatus
441 4388 576 4445 Dogmat.
593 4386 715 4436 Moralls
733 4385 769 4436 de
786 4383 993 4442 indulgentiis.

246 4461 422 4511 *Tractatus
439 4459 482 4509 De
500 4457 664 4515 Sodalltlts,
679 4457 796 4516 Quaest.
816 4457 842 4514 1,
858 4468 887 4506 n.
903 4456 928 4506 t.

246 4534 298 4582 Ἀ.
317 4529 710 4582 Matthaeuecl—“Offlclalis
728 4528 836 4580 Curiae
854 4525 1107 4583 Ecclesiasticaa'·
1126 4537 1188 4585 cap.
1207 4525 1283 4584 xlv,
1302 4537 1331 4577 ιι.
1349 4525 1375 4576 1.
1429 4551 1433 4561 =
