3340 5170
512 436 563 493 De
582 434 1180 508 confraternitatibaa,Ecclesiastieis
1374 411 1377 415 ¹
1421 433 1459 491 65

257 637 440 716 descripta.
488 635 553 698 Oui
579 636 845 717 interrogationi
873 636 980 700 Sacra
1008 636 1236 716 Oongregatio
1263 637 1458 715 respondit:

258 738 479 817 Affirmative,
513 740 695 802 dummodo
728 739 922 804 sacerdotes
954 740 1158 803 facultatem
1192 741 1356 803 habentes
1390 757 1459 802 non

258 841 421 904 deficiant
440 840 478 901 in
498 839 798 919 substantialibus,
817 857 937 920 nempe
956 841 994 902 in
1015 842 1248 904 benedictione
1268 845 1304 904 et
1324 843 1460 921 imposi-
1525 921 1528 928 Ι

261 945 352 1006 tione
378 942 517 1005 habitus
550 942 626 1019 (seu
653 941 870 1021 Scapulanis)
901 959 941 1006 ac
966 943 1004 1004 in
1028 944 1222 1022 receptione
1248 943 1294 1006 ad
1319 943 1460 1006 Gonira·

257 1045 506 1107 tenuitatem.²⁷.

301 1147 455 1220 Quartus
479 1162 558 1208 vero
581 1149 691 1224 actus,
716 1162 837 1225 nempe
859 1145 1042 1226 inscriptio
1065 1146 1115 1207 in·
1129 1145 1459 1210 confraternitatem

260 1265 329 1310 non
341 1252 394 1310 est
407 1247 620 1310 necessarius
633 1249 679 1310 ad
692 1247 918 1326 validitatem,
931 1249 991 1311 sod
1004 1251 1143 1310 tantum
1156 1265 1219 1327 pro
1232 1249 1461 1327 acquisitione

258 1349 591 1429 indulgentiarum.⁷⁸
643 1350 694 1412 Da
723 1348 870 1428 singulis
899 1349 992 1412 hisce
1018 1353 1168 1428 quatuor
1197 1366 1308 1428 pauca
1337 1347 1461 1413 saltem

260 1452 372 1515 dicere
388 1467 529 1516 necesse
539 1454 602 1514 est.

616 1602 669 1679 (a)
696 1601 896 1666 Benedictio
911 1602 1112 1680 Scapulanis

301 1719 501 1782 Benedictio
519 1723 555 1782 et
573 1719 748 1800 impositio
769 1721 970 1800 Scapularis
988 1722 1181 1786 necessaria
1200 1727 1253 1786 ert
1270 1725 1462 1803 perteretim

260 1823 305 1885 ad
328 1822 544 1886 validitatem
579 1823 617 1884 in
652 1823 982 1886 confraternitatem
1018 1824 1267 1904 inscriptionis,
1303 1827 1357 1888 uti
1390 1827 1461 1906 J'am

260 1925 418 1986 vidimus.
457 1924 540 1986 Dixi
555 1926 747 2004 generatim,
761 1927 820 1988 sed
837 1942 906 1987 non
923 1927 1059 1988 omnino
1077 1943 1219 2008 semper,
1234 1927 1317 2007 quia
1332 1929 1463 1991 dantur

151 2069 156 2086 ,
261 2025 447 2090 nonnullae
466 2026 790 2106 Oouiratarnitates,
810 2045 897 2106 quae
916 2031 1064 2091 utuntur
1084 2029 1277 2109 scapulari,
1297 2032 1356 2094 red
1376 2032 1459 2112 ejus·

206 2154 208 2158 ·
261 2130 336 2191 dem
359 2128 559 2208 Scapularis
578 2128 770 2194 benedictio
788 2133 824 2191 et
844 2129 1020 2208 impositio
1040 2147 1109 2192 non
1129 2135 1183 2193 est
1203 2133 1396 2196 necessaria
1417 2134 1462 2197 ad

261 2231 486 2293 validitatem.
532 2231 631 2292 'Pales
656 2233 738 2292 sunt
763 2249 792 2292 v.
819 2247 868 2308 gr.
895 2231 1308 2298 Archiconiraternitates
1334 2235 1463 2297 Pretio

262 2332 391 2394 sissimi
413 2332 600 2411 Sanguinis
621 2334 663 2394 D.
684 2334 726 2394 N.
748 2334 833 2396 Jesu
854 2333 995 2412 Christi,
1017 2335 1083 2398 Pia
1104 2336 1194 2397 Unio
1216 2336 1463 2400 Immaculatae

263 2433 504 2514 Conceptionis
526 2434 682 2513 Virginis
704 2435 845 2513 Mariae,
869 2436 933 2499 Pia
956 2437 1047 2498 Unio
1070 2438 1171 2516 vulgo
1194 2439 1289 2502 dicta
1312 2442 1463 2506 Nuestra

264 2537 415 2616 Segnora
435 2537 477 2600 de
495 2540 531 2601 la
551 2536 678 2598 Salude
696 2540 732 2598 et
752 2536 872 2602 Sancti
892 2537 1030 2600 Camilli
1050 2540 1092 2601 de
1112 2540 1226 2618 bellis,
1247 2558 1378 2604 necnon
1398 2543 1463 2605 Pia

264 2639 354 2702 Unio
374 2639 494 2700 Sancti
513 2639 690 2701 Michaelis
708 2639 915 2717 Archangeli
935 2644 969 2703 et
987 2642 1173 2706 nonnullae
1192 2643 1319 2706 aliae.⁷⁹
1446 2623 1447 2626 Ἴ

304 2740 487 2804 Habentur
504 2740 638 2818 pariter
657 2740 871 2819 Scapularia,
890 2759 977 2821 quae
992 2741 1219 2821 indulgentiis
1237 2745 1352 2809 ditata
1370 2750 1463 2825 sunt,

263 2845 299 2906 et
318 2846 435 2904 tamen
454 2842 493 2920 ii,
513 2842 573 2920 qui
593 2859 635 2906 ea
655 2843 816 2905 deterunt
837 2860 905 2904 non
926 2844 1079 2907 formant
1100 2846 1207 2908 ullam
1230 2847 1464 2911 Ooniraterni-

263 2947 371 3006 tatem
394 2943 448 3005 vel
472 2942 794 3030 Gongregationem3
819 2945 873 3007 uti
898 2945 1087 3024 Scapulare
1109 2947 1251 3010 rubrum
1275 2950 1463 3030 Passionis,

161 3090 163 3094 ι
265 3044 454 3125 Scapulare
469 3045 585 3108 album
602 3045 786 3108 Purissimi
804 3045 926 3109 Gordia
942 3047 1098 3125 Virginis
1116 3049 1258 3128 Mariae,
1277 3050 1465 3131 Scapulare

264 3147 451 3210 violaceum
477 3128 724 3210 Immaculatae
748 3147 988 3226 conceptioni·
1014 3151 1054 3212 Β.
1080 3151 1125 3212 Μ.
1151 3151 1307 3229 Virginis
1333 3170 1464 3216 necnon

266 3248 453 3329 Scapulare
467 3247 501 3311 S.
515 3250 539 3310 J
540 3248 696 3328 osephi.⁸⁰

307 3351 351 3413 In
365 3349 720 3414 (ioniraternitatibns
733 3351 887 3429 denique,
901 3368 988 3430 quae
1000 3368 1069 3438 non
1082 3353 1209 3416 hahent
1224 3354 1465 3435 Scapularium

265 3469 372 3532 neque
386 3452 587 3530 cincturam,
601 3451 767 3514 admissio
781 3452 969 3531 generatim
984 3453 1162 3517 reducitur
1176 3457 1221 3518 ad
1234 3458 1342 3520 solam
1356 3474 1465 3538 recep

262 3549 380 3618 ‘ionem
395 3557 431 3618 et
447 3554 723 3632 adscriptionem,
738 3554 792 3617 vel
808 3556 851 3616 ad
868 3543 1125 3633 inscriptionem
1142 3561 1288 3621 tautum.

308 3656 453 3728 Quando
478 3655 626 3735 primum
655 3655 852 3734 Scapulare,
879 3657 971 3734 quod
994 3658 1072 3736 quis
1097 3660 1135 3720 in
1161 3660 1394 3740 adscriptione
1420 3663 1465 3726 ad

268 3756 596 3820 Goniraternitatem
616 3758 755 3836 recepit,
776 3757 920 3821 scissum
940 3759 1058 3838 fuerit,
1078 3763 1323 3824 canonicatum
1343 3767 1407 3841 est,
1425 3765 1466 3826 ut

256 3862 302 3938 wet
334 3859 541 3938 subsequens
576 3859 764 3938 Scapulare
796 3859 1065 3922 benedictionem
1100 3861 1256 3941 recipiat,
1290 3865 1350 3926 sed
1383 3865 1466 3927 haec

265 3958 457 4023 benedictio
498 3977 567 4023 non
608 3964 662 4023 est
703 3960 860 4024 absolute
901 3962 1095 4028 necessaria
1137 3963 1182 4026 ad
1226 3963 1470 4042 Indulgentias

265 4061 461 4125 lucrandas.

308 4163 511 4227 Habebatur
532 4168 649 4227 tamen
672 4178 742 4227 una
764 4163 928 4243 exceptio,
952 4181 1071 4242 nempe
1092 4182 1155 4244 pro
1179 4164 1362 4246 Scapulari
1384 4167 1468 4232 San·

223 4279 227 4304 ’
300 4327 422 4380 “Sacra
437 4327 581 4388 congreg.
599 4327 716 4388 Indulg.
734 4328 782 4382 dle
801 4327 835 4378 24
852 4329 981 4390 Augusti
1000 4329 1077 4382 1844.

257 4442 261 4446 .
301 4395 422 4448 ”Sacra
437 4395 579 4456 congreg.
596 4396 713 4456 Induis.
730 4397 779 4449 dis
795 4397 829 4449 it
846 4397 906 4450 Jui
924 4397 1002 4450 1887.

626 4477 654 4516 ¹²·
