3336 5166
212 426 249 482 66
468 428 518 484 De
537 426 876 501 Oootrcternitetibus
892 425 1134 482 &eclesiasticis

213 619 387 682 ctissimae
409 619 603 682 Trinitatis.
650 621 692 680 In
714 637 784 680 uno
805 620 930 681 etenim
954 637 995 680 ex
1018 617 1177 682 articulis
1201 622 1412 679 statutorum

211 708 556 800 evincebatur,quod
583 739 707 784 novum
736 721 924 800 Scapulare
950 739 1037 783 nova
1062 720 1296 782 benedictione
1323 721 1412 780 esset

212 825 477 887 benedicendum
505 825 652 902 singulis
679 825 820 901 vicibus,
847 825 931 902 quin
958 829 1073 886 tamen
1101 823 1294 886 necessaria
1321 823 1412 885 ioret

213 944 300 997 nova
331 926 512 1004 ipsiusmet
544 926 743 1004 Scapularia
774 925 988 1002 impositio⁸²
1040 927 1088 986 Et
1118 924 1188 986 ista
1219 924 1410 989 benedictio

212 1028 329 1107 peragi
351 1028 537 1090 debebatur
558 1029 601 1090 ab
622 1029 738 1106 aliquo
761 1028 944 1090 Sacerdote
964 1028 1167 1090 facultatem
1190 1027 1335 1088 habente
1356 1027 1411 1089 ad-

212 1130 372 1192 mittendi
395 1130 434 1191 in
458 1129 797 1192 Goniraternitatem.
841 1129 1022 1191 Articulus
1045 1129 1105 1190 ille
1128 1130 1340 1190 statutorum
1364 1145 1411 1190 re

213 1233 346 1309 peritur
365 1231 599 1310 transcriptus
617 1231 654 1292 in
674 1232 819 1292 Decreto
838 1231 1037 1292 authentico
1055 1231 1138 1292 dato
1157 1229 1212 1292 die
1231 1231 1272 1291 30
1291 1229 1412 1292 Martii

213 1334 305 1411 1716,
322 1333 381 1411 qui
397 1337 450 1395 est
467 1332 640 1411 sequentis
657 1333 805 1402 tenoris:

254 1435 419 1508 “Quando
442 1451 521 1495 vero
547 1434 786 1512 Scapularium
810 1433 917 1495 luerit
941 1433 1096 1510 scissum,
1120 1432 1260 1510 ejusque
1284 1432 1411 1494 amissa

212 1537 333 1614 torma,
351 1538 546 1613 renovatur,
563 1535 661 1613 eique
679 1552 766 1597 nova
782 1551 866 1596 crux
883 1534 1084 1612 imponitur,
1101 1538 1137 1596 et
1154 1535 1196 1595 de
1214 1550 1300 1595 novo
1317 1535 1411 1596 bene

211 1638 350 1716 dicitur,
370 1641 483 1716 prout,
501 1637 638 1715 quando
657 1653 781 1698 novum
800 1635 980 1698 sumitur.''

255 1740 321 1802 Sed
337 1744 373 1801 et
389 1737 459 1801 ista
475 1738 630 1816 exceptio
646 1737 786 1800 evanuit
804 1741 883 1816 post
900 1737 1104 1815 rescriptum
1125 1736 1250 1798 Sacrae
1269 1736 1411 1813 (tongre-

212 1842 362 1919 gationis
389 1839 688 1918 indulgentiarum
714 1839 769 1900 die
794 1839 835 1899 24
860 1838 1010 1916 Augusti
1036 1839 1119 1900 anni
1145 1838 1244 1899 1895:
1293 1837 1411 1899 ‘Sacra

212 1943 439 2021 congregatio
484 1988 491 2002 .
536 1988 543 2003 .
587 1989 595 2003 .
639 1946 679 2002 ut
697 1940 802 2002 etiam
823 1941 936 2018 quoad
958 1939 1145 2017 Scapulare
1166 1938 1411 2000 Sanctissimae

212 2041 396 2106 Trinitatis
419 2044 607 2105 inducatur
631 2042 854 2104 uniformitas
879 2058 941 2119 pro
966 2038 1056 2118 aliis,
1081 2044 1117 2102 et
1140 2040 1178 2100 in
1202 2039 1324 2118 primis
1348 2055 1411 2116 pro

213 2146 441 2221 Carmelitico,
465 2145 625 2221 existens,
649 2160 736 2222 quae
759 2143 898 2204 nonnisi
921 2142 1034 2220 primo
1057 2142 1129 2204 vice
1154 2142 1412 2218 benedicantur,

211 2249 324 2310 idest
348 2248 484 2326 cumb
505 2247 669 2325 primitus
694 2243 983 2322 Christifideiibus
1006 2244 1243 2321 imponuntur,
1266 2242 1411 2319 benigne

211 2351 335 2413 annuit
354 2367 416 2428 pro
437 2349 551 2427 gratia
571 2348 672 2426 juxta
690 2346 837 2423 preces.”
849 2345 875 2380 ⁸¹

573 2498 626 2574 (b)
638 2536 640 2540 -
654 2497 855 2576 Scapularia
874 2497 1056 2574 Impositio

252 2635 320 2693 Pro
344 2630 563 2710 impositione
586 2631 776 2708 requiritur
801 2630 988 2709 Scapulare
1011 2630 1236 2707 benedictum,
1261 2631 1314 2691 uti
1338 2630 1410 2709 jam

211 2735 367 2796 vidimus.
414 2735 462 2795 Et
487 2733 630 2810 insuper
656 2732 844 2811 Scapulare
869 2732 968 2794 debet
994 2748 1066 2793 esse
1092 2723 1244 2809 ejusdem
1270 2731 1410 2793 Contra·

210 2834 398 2912 ternitatis,
412 2835 456 2896 ad
470 2852 570 2912 quam
584 2833 660 2911 quis
673 2851 745 2895 sese
758 2833 951 2920 adscribere
964 2833 1048 2894 vult.
1083 2834 1189 2894 Nemo
1202 2849 1282 2910 ergo
1296 2834 1410 2910 potest

211 2937 318 3014 recipi
346 2936 384 2998 in
415 2933 744 2998 Contraternitatem
776 2935 806 2996 si
836 2935 874 2995 in
905 2939 1074 2996 momento
1104 2935 1309 3013 receptionis
1340 2952 1408 2996 non

210 3041 335 3102 habeat
348 3038 501 3118 ejusdem
516 3036 824 3098 Confraternitatis
842 3036 1037 3114 Scapulam,
1053 3037 1112 3097 sed
1128 3036 1223 3097 aliud
1238 3036 1409 3097 diversum

209 3144 356 3217 tantum,
373 3141 426 3202 vel
442 3140 472 3200 si
488 3140 526 3200 in
544 3139 725 3217 Scapulari
743 3140 832 3216 quod
850 3139 952 3201 habet
969 3155 1037 3201 non
1054 3139 1277 3201 verificantur
1293 3157 1409 3202 omnes

210 3242 422 3304 conditiones
442 3259 463 3303 a
481 3241 626 3302 statutis
644 3240 916 3320 praescriptae.⁸²

253 3345 359 3407 Sacra
388 3343 615 3421 Oongregatio
645 3333 944 3419 indulgentiarum
973 3344 1119 3405 Decreto
1147 3344 1297 3420 generali
1326 3344 1409 3406 dato

210 3447 265 3509 die
289 3446 329 3508 18
355 3444 563 3524 Septembris
588 3445 670 3506 1862
694 3444 808 3506 nullas
833 3444 1021 3506 declaravit
1046 3445 1270 3506 admissiones
1295 3446 1408 3507 iactas

209 3566 286 3610 cum
308 3547 493 3626 Scapulari·
509 3548 551 3609 de
571 3547 688 3608 Monte
709 3546 874 3623 carmelo,
895 3547 985 3623 quod
1006 3563 1074 3606 non
1092 3546 1241 3608 ‘habebat
1262 3548 1408 3609 formam

209 3651 369 3727 debitam,
383 3649 537 3727 quamvis
552 3648 677 3709 statim'
686 3663 850 3726 personae
864 3646 1059 3726 adscriptae
1075 3647 1279 3725 Scapularia
1293 3649 1408 3710 debito

209 3753 308 3814 modo
325 3753 420 3815 iacta
437 3751 504 3812 sibi
521 3747 783 3827 acquisierint.⁸³
1260 3749 1261 3753 ’

251 3853 452 3931 Requiritur
469 3852 601 3930 pariter
618 3853 661 3912 ad
679 3850 893 3912 validitatem
911 3849 1126 3928 receptionis,
1145 3853 1184 3912 ut
1205 3851 1405 3929 Scapularia

209 3958 253 4018 ad
270 3957 385 4016 eodem
405 3954 589 4016 Sacerdote
605 3952 838 4030 imponantur,
856 3969 877 4014 a
894 3969 961 4029 quo
978 3951 1265 4013 benedicuntur.⁸⁴

248 4058 347 4119 Nihil
360 4061 475 4118 tamen
491 4057 607 4117 obstat
622 4053 802 4132 quominus
818 4053 907 4114 idem
926 4052 1122 4130 Scapulare,
1139 4055 1275 4130 quando
1291 4054 1407 4131 plures

208 4158 417 4221 inscribendi
443 4160 536 4234 sunt,
562 4155 719 4234 pluribus
745 4154 874 4233 imponi
901 4155 1020 4232 possit.
1070 4155 1290 4232 Interrogata
1317 4155 1405 4216 enim

242 4322 378 4379 ”Taena
397 4333 442 4380 op.
460 4321 509 4371 eit.
528 4333 556 4370 n.
575 4318 626 4370 200
645 4331 686 4378 aq.

270 4390 378 4447 Taehy,
395 4401 440 4448 op.
456 4390 506 4439 cit.
522 4401 550 4438 n.
567 4388 626 4438 207.

242 4458 385 4509 ”Deerat
404 4459 486 4508 auth.
505 4471 533 4507 n.
553 4457 613 4507 394.

242 4529 261 4556 ⁸⁴
272 4528 351 4578 saer.
369 4527 511 4586 congreg.
530 4525 799 4585 Indulg.1oJunil
818 4525 895 4582 1872,
914 4525 1020 4576 Decret
1039 4525 1120 4576 auth.
1140 4537 1168 4576 n.
1187 4523 1247 4576 430.
