3336 5166
232 425 269 484 ts
488 426 538 483 De
558 424 897 497 donfrotemitotibas
913 423 1156 482 Ecclesiasticia

232 618 372 681 condita
397 617 548 695 fuerant,
574 623 609 680 et
637 617 763 680 Sacrae
791 616 1067 696 Gongregationi,
1095 633 1158 697 pro
1185 616 1433 696 approbatione

232 722 358 798 delata,
379 721 516 782 etiamsi
535 721 639 798 hujus
659 721 873 783 interventus
894 736 935 783 ex
956 721 1032 799 jure
1053 719 1265 782 necessarius
1286 736 1355 780 non
1375 718 1433 779 sit.

233 823 378 886 Interim
399 823 685 902 Arcbiepiscopus
706 822 882 884 nonnullis
903 823 945 884 de
963 823 1077 885 causis
1098 821 1274 884 sodalibus
1293 820 1433 883 interdi-

179 955 186 962 ·
232 930 341 1003 xerat,
369 942 412 986 ne
439 925 477 986 in
505 925 645 987 comitia
674 925 815 987 coirent.
855 926 977 1003 Itaque
1005 925 1073 986 duo
1102 925 1207 987 dubia
1235 923 1434 987 concinnati

232 1032 331 1090 sunt:
360 1029 412 1104 (1)
440 1029 496 1088 An
511 1033 546 1089 et
562 1028 729 1106 quomodo
745 1029 1005 1106 approbandum
1021 1028 1069 1089 sit
1087 1030 1258 1089 statutum
1275 1028 1312 1088 in
1327 1027 1433 1089 casu?

238 1131 290 1208 (2)
318 1132 374 1191 An
386 1135 422 1192 et
433 1130 600 1209 quomodo
613 1147 729 1192 omnes
741 1131 875 1192 sodales
888 1130 993 1209 injus
1006 1130 1257 1192 interveniendi
1271 1129 1433 1208 generali-

231 1234 294 1294 bus
314 1232 463 1294 comitiis
483 1232 740 1310 redintegrandi
759 1233 873 1294 sint?'’

273 1334 547 1397 Eminentissimi
568 1336 691 1396 Patres
712 1335 980 1414 rescripserunt:
1022 1337 1077 1398 Ad
1099 1338 1128 1397 1.
1149 1340 1184 1399 et
1205 1336 1250 1398 ad
1271 1336 1300 1398 2.
1321 1337 1432 1399 dilata

230 1441 265 1498 et
281 1439 325 1500 ad
340 1440 505 1514 mentem;
522 1438 637 1498 “mens
652 1440 716 1515 est,
732 1437 823 1515 quod
839 1454 1005 1516 suspensa
1021 1437 1173 1515 qualibet
1190 1437 1341 1516 generali
1358 1455 1432 1499 con·

231 1539 430 1617 gregatione
460 1542 533 1600 tam
566 1538 754 1616 ordinaria,
786 1555 888 1617 quam
921 1538 1209 1616 extraordinaria,
1243 1539 1283 1601 R.
1316 1541 1354 1600 P.
1389 1540 1431 1599 D.

230 1641 516 1719 Arcbiepiscopus
554 1656 741 1718 congruum
777 1639 929 1702 virorum
968 1657 1146 1702 numerum
1185 1642 1355 1718 adsumat,
1393 1641 1431 1701 in

230 1743 354 1821 quibus
373 1723 463 1804 unus
482 1741 536 1804 uti
554 1758 692 1819 praeses
711 1741 814 1821 adsit,
834 1742 893 1821 qui
914 1741 1076 1804 Sodalitii
1095 1742 1431 1805 administrationem

231 1846 425 1921 adsumant,
446 1847 481 1906 et
502 1843 541 1904 in
560 1861 596 1905 se
617 1843 797 1923 recipiant,
818 1844 952 1922 ipsique
974 1843 1240 1923 Arcbiepiscopo
1262 1844 1431 1906 rationem

153 1933 159 1949 ’
230 1947 387 2023 reddant,
408 1945 600 2008 satisfactis
620 1945 780 2008 oneribus
800 1949 835 2007 et
854 1945 1122 2023 obligationibus
1143 1945 1330 2024 asssumpti
1350 1963 1431 2023 erga

229 2047 382 2125 legitime
401 2050 634 2126 congregatos,
654 2063 723 2109 non
743 2046 919 2126 impeditis
938 2047 1007 2126 piis
1026 2047 1195 2136 operibus,
1215 2037 1363 2109 exclusis
1383 2047 1431 2108 in·

230 2149 332 2213 terim
356 2148 452 2210 novis
477 2149 646 2212 sodalium
670 2148 982 2227 aggregationibus.
1029 2147 1266 2210 Conficiantur
1290 2149 1429 2211 interim

230 2269 318 2313 nova
338 2253 474 2313 statuta
494 2250 699 2313 enucleatim
719 2249 967 2329 concinnanda,
987 2267 1075 2328 quae
1093 2249 1335 2329 approbationi
1356 2251 1430 2312 sub·

230 2354 417 2415 mittantur
443 2351 476 2414 S.
503 2351 797 2430 Oongregationis,
823 2351 923 2430 cujus
949 2352 1085 2413 nomine
1110 2355 1189 2430 aget
1214 2352 1289 2431 ipse
1314 2351 1429 2414 Archi-

229 2455 439 2534 episcopus.''

272 2557 357 2618 Cum
376 2556 551 2619 sodalitas
568 2573 655 2618 nova
672 2558 807 2642 statuta
824 2555 1033 2618 condidisset
1047 2559 1083 2617 et
1101 2546 1227 2618 Sacrae
1243 2555 1430 2634 Oongrega·

229 2659 317 2720 tioni
344 2663 645 2738 repraesentasset,
672 2659 798 2720 iterum
825 2657 1013 2737 propositis
1040 2659 1182 2737 duobus,
1210 2677 1296 2738 quae
1324 2677 1429 2738 supra

229 2762 339 2824 allata
361 2765 454 2838 sunt,
478 2761 602 2837 dubiis,
623 2760 898 2821 Eminentissimi
921 2761 1043 2822 Patres
1067 2760 1123 2822 die
1146 2761 1187 2823 16
1209 2760 1313 2822 Lunii
1337 2761 1428 2837 1854,

109 2857 116 2886 ‘
230 2863 480 2942 rescripserunt
498 2879 636 2924 rursus:
656 2863 711 2924 Ad
730 2864 758 2923 1.
778 2866 813 2923 et
831 2863 861 2924 2.
882 2862 993 2924 dilata
1011 2865 1046 2924 et
1065 2863 1110 2924 ad
1128 2867 1292 2941 mentem3
1313 2864 1428 2925 “Mens

228 2965 313 3043 est,’'
339 2969 378 3027 ut
404 2964 578 3026 scribatur
602 2963 877 3042 Archiepiscopo,
903 2964 962 3042 qui
989 2982 1070 3026 suas
1095 2964 1254 3027 exhibeat
1279 2965 1428 3028 animad-

228 3066 400 3128 versiones
426 3065 518 3129 circa
543 3067 689 3142 statuta,
715 3082 802 3144 quae
827 3065 945 3128 oblata
969 3065 1120 3144 fuerant,
1146 3082 1187 3129 ac
1212 3082 1295 3146 prae
1321 3066 1429 3128 oculis

229 3169 353 3230 habeat
371 3167 538 3245 quidquid
558 3170 690 3244 partem
711 3167 894 3228 constituit
914 3167 1139 3245 principalem
1160 3167 1321 3246 circaea,
1343 3185 1429 3247 quae

229 3287 283 3330 res
296 3269 496 3346 spirituales
510 3273 544 3330 et
558 3286 661 3347 opera
674 3268 816 3346 pietatis
830 3267 1035 3346 respiciant3
1050 3286 1181 3332 necnon
1196 3274 1292 3332 curet
1305 3271 1429 3332 habere

229 3375 400 3434 statutum
422 3370 741 3446 Confraternitatis,
763 3370 864 3448 vulgo
887 3371 1088 3448 Goafoloae,
1109 3372 1230 3433 Almae
1251 3371 1365 3449 Urbis,
1387 3388 1428 3434 ex

228 3473 350 3552 quibus
369 3473 436 3534 sibi
454 3489 608 3534 normam
627 3471 806 3549 arripiat.”
1162 3491 1164 3496 ·

270 3576 354 3636 Post
380 3574 463 3636 haec
490 3573 573 3652 quid
599 3573 747 3634 ulterius
774 3572 948 3650 acciderit,
975 3573 1175 3651 ignoratur3
1203 3573 1427 3652 nequeenim

228 3693 332 3738 causa
343 3676 451 3738 istaec
464 3677 509 3737 ad
523 3675 696 3753 generalia
709 3673 816 3736 Sacra
829 3673 1112 3752 Congregationis
1125 3675 1265 3738 comitia
1279 3676 1427 3738 reditum

228 3795 371 3855 usquam
387 3777 523 3840 fecit¹¹⁸

269 3882 364 3953 Quae
388 3897 464 3941 cum
488 3879 540 3942 ita
564 3878 645 3956 sint,
669 3881 766 3955 patet
791 3880 881 3956 quod
905 3895 1002 3940 nemo
1027 3883 1163 3942 statuta
1187 3881 1351 3943 conficere
1374 3882 1428 3944 vel

228 3982 429 4043 confirmare
456 3984 579 4058 potest,
606 3980 716 4041 invito
743 3980 795 4041 vel
821 3979 1017 4041 inconsulto
1043 3980 1224 4060 Episcopo,
1252 4000 1332 4045 nam
1359 3983 1428 4062 ipsi

227 4084 326 4145 unice
344 4100 384 4145 ea
401 4100 455 4144 res
474 4082 636 4161 competit
653 4080 831 4160 privative,
850 4098 890 4143 ac
909 4086 1087 4166 praeterea
1104 4081 1285 4144 nemini.¹¹⁴

268 4185 459 4262 Rationem,
478 4185 519 4248 ob
540 4202 641 4262 quam
659 4184 834 4244 Romanus
853 4182 1015 4245 Pontifex
1035 4184 1154 4262 voluit,
1173 4189 1214 4246 ut
1234 4185 1428 4248 Contrater-

227 4287 378 4350 nitatum
395 4289 530 4348 statuta
547 4285 618 4347 sint
635 4304 655 4347 a
672 4283 881 4345 Dioecesano
898 4283 1067 4362 Episcopo
1084 4285 1290 4364 examinata,
1309 4303 1428 4364 appro-

261 4451 412 4504 ³¹⁸Lucldi.
433 4451 476 4501 De
496 4450 685 4506 visitatione,
708 4461 788 4518 num.
810 4450 870 4501 13⁷.

261 4519 443 4577 ²¹‘Ferrar1s
463 4531 508 4578 op.
527 4518 577 4570 cit.
595 4523 652 4570 art.
670 4520 719 4576 VI,
738 4531 818 4570 num.
836 4519 878 4570 22.
