3336 5166
456 393 506 452 De
524 393 1123 466 OoolroternitotibosEooleaioatiota
1363 395 1402 456 81

196 591 359 670 notabile,
373 608 434 670 per
447 591 584 654 modum
597 595 713 654 tamen
728 592 946 672 hortationis,
960 595 996 655 et
1010 611 1194 672 numquam
1210 594 1273 657 sub
1288 610 1398 673 poena

197 693 384 772 militatis,
410 710 512 772 quam
535 693 690 774 infligere
714 693 849 756 actibus
872 693 1002 773 Collegi
1025 695 1178 772 legitime
1199 694 1399 774 congregati

198 812 268 858 non
286 798 409 874 potest.

241 897 289 960 Et
312 897 395 960 haec
418 897 489 959 fuit
512 897 684 966 sententia
708 896 982 960 Eminentissimi
1006 898 1175 976 Petrucci‚
1200 899 1259 977 qui
1283 903 1400 961 votum

199 1017 301 1062 suum
324 998 458 1078 aperire
481 999 598 1077 J‘ussus
622 1016 644 1062 a
669 995 776 1062 Sacra
800 998 1071 1078 Oongregatione
1097 999 1244 1062 Concilii
1268 1001 1306 1062 in
1330 1017 1401 1062 una

200 1100 336 1164 Pisaur.
362 1101 426 1163 sub
451 1100 570 1164 diebus
596 1101 638 1162 28
663 1100 860 1163 Decembris
886 1100 969 1163 11191
993 1104 1029 1163 et
1055 1101 1096 1162 14
1119 1102 1202 1164 Jun.
1229 1101 1322 1180 1698,
1348 1101 1401 1164 ita

199 1203 383 1266 Decretum
401 1202 565 1281 Episcopi
582 1218 685 1281 super
703 1202 867 1280 gubernio
887 1202 1222 1265 confraternitatum
1241 1220 1318 1265 cum
1337 1203 1401 1266 hac

203 1304 436 1384 prohibitione
456 1304 577 1383 latum,
599 1303 844 1366 moderandum
865 1321 938 1366 esse
961 1304 1112 1383 censuit;
1134 1307 1170 1366 et
1193 1303 1300 1367 Sacra
1322 1303 1405 1366 (ion-

200 1407 357 1485 gregatio
373 1421 552 1470 censuram
568 1405 640 1466 voti
656 1405 870 1482 approbavit.

246 1509 386 1572 Pariter
428 1509 527 1570 docet
571 1506 764 1586 Ferrarius,
808 1508 898 1586 quod
941 1506 1133 1587 Episcopus
1178 1525 1248 1572 non
1291 1509 1406 1587 potest

203 1610 392 1691 prohibere,
405 1610 459 1672 vel
471 1608 679 1688 restringere
692 1607 1058 1689 confraternitatibus,
1073 1609 1276 1689 praesertim
1290 1625 1404 1688 aggre

205 1712 307 1792 gatis,
333 1710 439 1774 solita
462 1710 637 1788 exercitia,
663 1727 714 1773 ex.
741 1726 791 1789 gr.
817 1727 886 1773 non
912 1713 1027 1789 potest
1053 1709 1223 1773 Sodalitio
1248 1729 1270 1773 a
1295 1714 1405 1774 morte

206 1817 405 1893 nuncupato
418 1817 544 1892 vetare,
560 1830 603 1876 ne
618 1813 798 1875 defunctos
813 1811 958 1890 sepeliat
973 1815 1053 1892 post
1067 1812 1186 1874 horam
1202 1811 1407 1876 undecimau

206 1914 371 1980 noctiam

469 2047 523 2126 (b)
549 2047 602 2111 Do
627 2050 700 2111 loco
725 2047 942 2111 oonattorom
966 2047 1145 2112 Seianum

245 2165 402 2245 Loquens
421 2164 464 2227 de
483 2164 632 2227 comitiis
651 2164 833 2228 Ferrarius
853 2163 957 2228 dicit:
998 2164 1312 2229 confraternitates
1332 2183 1405 2247 pos·
1511 2183 1513 2190 ’

205 2271 288 2330 sunt
301 2265 501 2346 congregari
513 2266 574 2330 obi
586 2267 696 2345 megia
709 2267 759 2329 oia
770 2265 994 2346 placuerit.²²⁰
1008 2267 1276 2346 Intelligendum
1289 2270 1406 2331 temen

205 2369 269 2432 hoc
281 2371 345 2447 est,
359 2368 486 2447 absque
500 2366 614 2447 dubio,
628 2368 671 2432 de
684 2366 757 2430 illis
771 2366 867 2447 locis,
880 2368 940 2431 ubi
956 2369 1156 2447 congregari
1170 2373 1316 2454 possunt
1331 2369 1406 2433 sine

206 2469 393 2534 violatione
404 2468 495 2549 J'uris
508 2469 616 2533 tertii.
654 2469 777 2548 Itaque
791 2469 929 2549 quando
944 2468 1258 2533 Ooutraternitates
1273 2473 1407 2533 erectae

206 2575 290 2636 sunt
306 2573 498 2651 habentque
513 2587 632 2634 earum
647 2559 761 2634 sedem
776 2570 815 2632 in
831 2569 974 2635 ecclesia
990 2572 1190 2652 parochiali,
1207 2577 1353 2652 possunt
1369 2573 1408 2636 in

207 2674 323 2738 eadem
340 2691 404 2736 sua
421 2672 562 2738 comitia
578 2687 749 2752 peragere,
766 2677 908 2753 excepto
925 2675 998 2735 solo
1015 2673 1201 2736 officiorum
1219 2679 1406 2737 momento:

208 2777 389 2840 dommodo
411 2793 482 2838 aon
503 2775 694 2853 impediant
716 2774 913 2854 fonctiones
936 2778 971 2838 et
993 2775 1111 2838 ditias
1134 2775 1255 2854 epieto,
1278 2774 1408 2838 dieitur

207 2878 245 2940 in
256 2878 403 2942 Decreto
416 2876 541 2940 “Urbis
552 2879 588 2939 et
599 2875 722 2939 Orbis”
734 2893 777 2938 ex
789 2876 845 2939 die
857 2873 898 2938 10
911 2876 1108 2939 Decembris
1121 2877 1214 2956 1703,
1228 2878 1273 2939 ad
1286 2877 1408 2940 30·um.

246 2979 392 3054 Quando
403 2981 557 3058 potestas
569 2977 691 3057 civilis,
703 2978 841 3042 saeculo
851 2976 967 3055 XVII,
979 2977 1163 3040 interdixit
1175 2977 1407 3041 confraterni-

209 3081 278 3145 tati
291 3081 329 3143 iu
343 3079 485 3144 cimtate
497 3081 606 3144 Nolae
618 3083 752 3143 erectae
765 3096 830 3142 sua
841 3079 957 3142 tacere
969 3079 1110 3142 comitia
1121 3080 1160 3142 in
1172 3081 1316 3145 ecclesia
1328 3080 1409 3144 obli·

209 3183 369 3263 geritque
382 3183 516 3246 sodales
529 3182 647 3245 eadem
659 3181 834 3243 commitis
848 3180 995 3260 publicis
1009 3182 1047 3243 in
1061 3181 1146 3244 locis
1159 3186 1286 3264 tenere,
1302 3183 1410 3248 Sacra

210 3284 437 3365 congregatio
454 3285 497 3350 de
515 3283 740 3347 Immunitate
756 3282 846 3346 vidit
863 3283 902 3345 in
920 3283 983 3346 hoc
1000 3284 1163 3347 lesionem
1180 3285 1355 3350 libertatis
1373 3291 1410 3351 et

208 3385 462 3467 iurisdictionis
507 3383 759 3449 ecclesiasticae
802 3383 1033 3465 imposuitque
1078 3385 1248 3466 Episcopo
1293 3405 1409 3452 omnes

210 3488 370 3554 adhibere
408 3488 508 3567 vires,
547 3490 588 3550 ut
628 3486 906 3550 Contraternitas
945 3486 1009 3552 illa
1048 3487 1235 3566 pristinum
1274 3489 1313 3551 in
1352 3490 1410 3570 jus

210 3589 504 3655 restitueretur.²¹²

251 3692 448 3772 Aliquando
473 3691 683 3754 consuetudo
708 3693 762 3754 vel
787 3693 923 3753 statuta
947 3690 1263 3770 praedeterminant
1288 3691 1411 3770 locum,

210 3795 269 3859 ubi
282 3793 423 3858 comitia
435 3792 600 3856 celebrari
612 3792 745 3856 dehent.
780 3791 829 3854 At
840 3791 995 3870 quamvis
1008 3792 1173 3855 doceatur
1184 3791 1286 3872 juxta
1297 3793 1410 3858 Gloss.

210 3897 249 3960 in
264 3897 347 3976 cap.
383 3897 429 3957 Io
443 3896 589 3972 sonaim,
604 3892 810 3973 paragraph.
827 3894 919 3972 qood
933 3893 965 3956 si
979 3893 1068 3973 fiori,
1083 3895 1164 3957 diat.
1182 3894 1233 3974 13,
1250 3893 1412 3957 delibera·

210 3999 339 4062 tionem
365 3997 404 4060 in
431 3995 506 4060 loco
534 4012 603 4058 nou
630 3994 734 4057 solito
760 3998 897 4075 captam
925 3995 1101 4058 nullitatis
1129 3995 1216 4058 vitio
1242 3996 1410 4075 laborare,

210 4095 434 4168 nihilominus
491 4097 686 4178 opinionem
743 4095 887 4180 Glossae
943 4095 1059 4175 rejicit
1116 4096 1312 4176 Eagnanus‚
1371 4115 1411 4161 ac

211 4199 418 4268 sententiam
437 4200 615 4263 adversam
634 4213 749 4262 veram
768 4213 843 4261 esse
859 4197 1023 4263 traciam

245 4348 635 4480 :zssggffir'ifflpdgitmsurnt
651 4345 717 4476 111411,
724 4421 805 4467 uum.
823 4413 866 4467 tt.

245 4489 275 4517 ¹¹¹
283 4485 462 4542 corrections
477 4485 529 4538 cles
544 4484 668 4542 ‹ltomta
684 4495 739 4544 por
753 4483 879 4536 Barbior
895 4483 931 4535 da
945 4481 1102 4543 Montault
1118 4495 1146 4536 u.
1162 4482 1223 4542 tos,
1237 4496 1266 4536 u.
1282 4483 1326 4536 11.

246 4555 398 4615 ¹¹'latrehll
415 4566 461 4615 ou.
478 4553 529 4607 ott.
546 4564 628 4607 uum.
646 4553 706 4606 151.
