3340 5170
238 475 275 532 32
494 477 543 532 De
563 474 901 548 Ooofrotoroitoiibus
918 475 1160 532 Ecclesiastioia

279 667 309 730 3.
333 669 457 730 Utrum
474 667 634 731 Vicarius
652 670 829 731 Generalis
845 671 1085 748 possitvalide
1101 671 1281 732 concedere
1298 671 1435 732 litteras

239 770 487 832 testimoniales
510 787 549 832 ac
572 786 772 832 consensum
795 772 998 850 requisitum
1022 790 1043 834 a
1066 772 1238 834 Clemente
1260 773 1352 834 VIII
1375 787 1437 849 pro

238 872 479 950 aggregatione
496 872 854 936 Confraternitatum?

279 975 309 1034 4.
333 975 457 1034 Utrum
477 975 638 1036 Vicarius
659 975 837 1036 Generalis
857 975 967 1054 possit
988 975 1178 1052 approbare
1198 978 1332 1036 statuta
1354 975 1433 1037 Con-

239 1077 525 1137 fraternitatum?

266 1177 407 1250 Quibus
419 1179 490 1238 EE.
504 1179 570 1238 ΡΡ.
583 1177 621 1237 in
632 1177 780 1238 comitiis
794 1179 1008 1255 generalibus
1022 1180 1114 1255 apud
1127 1178 1236 1239 Aedes
1249 1177 1437 1239 Vaticanas

238 1280 366 1340 habitis
382 1279 437 1340 die
452 1280 492 1340 20
509 1281 531 1340 J
534 1279 598 1340 ulii
615 1280 706 1356 1868,
724 1280 843 1340 audito
861 1280 1076 1341 Consultoris
1093 1285 1181 1356 voto,
1197 1284 1232 1340 et
1249 1297 1286 1340 re
1303 1282 1437 1340 mature

239 1399 415 1459 perpensa,
438 1382 690 1442 rescribendum
712 1382 901 1442 duxerunt:

281 1485 334 1544 Ad
357 1485 461 1543 lum:
485 1483 658 1560 Negative,
681 1483 749 1543 nisi
771 1479 940 1560 Episcbpo
962 1483 1205 1560 subdelegandi
1225 1487 1379 1560 potestas
1400 1483 1437 1542 in

239 1585 437 1662 Apostolico
462 1586 603 1645 Indulto
625 1601 783 1645 concessa
806 1585 923 1661 fuerit,
947 1601 1112 1661 suumque
1135 1585 1311 1645 Vicarium
1335 1585 1437 1644 Gene-

238 1688 344 1772 ralcm
360 1686 639 1762 subdelegaverit.

280 1790 334 1849 Ad
356 1788 462 1848 Eum:
486 1788 660 1865 Negative,

281 1891 334 1951 Ad
357 1890 463 1951 3·um:
486 1890 659 1966 Negative.

281 1993 334 2052 Ad
359 1993 465 2052 4-um:
489 1992 663 2068 Negative,
688 1996 722 2052 et
749 1992 1012 2068 supplicandum¹
1039 1991 1144 2053 SSmo
1169 2010 1232 2070 pro
1258 1991 1438 2054 sanatione

238 2095 350 2172 quoad
368 2094 603 2171 praeteritum.
910 2132 912 2136 -
1076 2087 1082 2098 '

280 2196 326 2256 Et
350 2196 444 2257 iacto
468 2196 509 2255 de
533 2195 730 2272 praemissis
754 2195 921 2257 relatione
946 2195 1052 2256 SSmo
1077 2196 1226 2256 D.N.Pio
1251 2197 1375 2257 ΡΡ.ΙΧ
1400 2196 1437 2263 in

239 2297 426 2358 Audientia
448 2297 566 2358 habita
588 2315 609 2358 a
632 2297 810 2358 Cardinali
832 2297 1011 2358 Praefecto
1033 2297 1088 2358 die
1110 2298 1150 2358 18
1171 2297 1321 2374 Augusti
1344 2298 1436 2374 1868,

240 2399 416 2460 Sanctitas
441 2399 510 2460 Sua
533 2399 775 2470 resolutionem
800 2398 902 2460 Sacro
927 2398 1209 2476 Congregationis
1233 2399 1438 2477 approbavit

237 2505 272 2563 et
290 2500 513 2577 confirmavit,
531 2505 565 2561 et
581 2501 794 2562 sanationem
811 2500 1020 2561 erectionum
1039 2500 1383 2578 Confraternitatum,
1402 2505 1437 2562 et

239 2603 524 2681 approbationum
550 2606 761 2663 statutorum
787 2620 808 2663 a
833 2602 983 2663 Vicariis
1010 2603 1233 2664 Generalibus
1260 2604 1436 2681 usquead

237 2710 348 2766 totum
362 2710 553 2765 currentem
565 2705 653 2764 diem
667 2705 707 2764 18
720 2704 868 2780 Augusti
882 2704 964 2764 1868
975 2703 1157 2779 factarum,
1171 2721 1310 2782 necnon,
1325 2721 1437 2782 aggre-

239 2807 425 2884 gationum,
464 2823 550 2883 quae
588 2823 663 2866 cum
702 2804 831 2867 litteris
869 2805 1159 2867 testimonialibus
1197 2808 1232 2867 et
1271 2820 1437 2867 consensu

238 2909 453 2970 Vicariorum
468 2908 686 2968 Generalium
699 2908 809 2967 locum
822 2907 995 2984 hucusque
1007 2908 1209 2985 habuerunt,
1223 2908 1367 2984 benigne
1379 2909 1444 2968 ima

239 3010 367 3088 pertita
385 3013 447 3071 est.
488 3007 680 3070 Contrariis
699 3007 965 3086 quibuscumque
983 3025 1051 3068 non
1069 3009 1296 3071 obstantibus.

281 3113 403 3189 Itaque
429 3111 561 3172 Vicarii
589 3110 782 3190 Generales,
808 3109 845 3169 in
872 3098 1043 3187 erigendis
1071 3110 1435 3188 Confraternitatibus,

238 3232 355 3297 aarum
384 3213 528 3274 statutis
558 3212 868 3290 apprehendisse
896 3211 1026 3272 litteris
1054 3212 1344 3274 testimonialibus
1374 3230 1436 3291 pro

237 3333 354 3377 earum
377 3313 618 3392 aggregatione
638 3314 771 3388 dandis,
794 3314 885 3374 haud
906 3315 1037 3391 pollent
1057 3318 1227 3391 potestate
1248 3315 1435 3390 ordinaria,

239 3419 297 3478 aad
322 3417 461 3494 speciali
485 3417 640 3492 indigent
661 3415 883 3491 delegatione,
908 3415 975 3477 nisi
997 3415 1111 3492 vigore
1132 3416 1329 3477 litterarum
1352 3417 1437 3477 vica·

239 3520 351 3580 riatus
378 3519 536 3596 deputati
562 3517 643 3593 sint,
669 3535 737 3577 non
763 3517 872 3577 solum
899 3517 943 3577 ad
970 3517 1152 3593 generalia,
1179 3518 1365 3579 sedetiam
1392 3519 1436 3605 ad

238 3623 402 3699 specialia
423 3622 497 3681 loco
518 3619 681 3696 Episcopi
704 3619 906 3697 peragenda.
951 3621 1053 3680 Patet
1076 3620 1138 3680 hoc
1160 3637 1200 3681 ex
1223 3621 1357 3682 decreto
1381 3621 1436 3682 hic

239 3725 356 3798 allato,
382 3740 512 3783 necnon
537 3740 578 3782 ex
604 3723 738 3782 decreto
765 3720 837 3782 SE.
865 3721 1163 3797 Indulgentiarum
1191 3722 1259 3782 diei
1286 3723 1326 3782 16
1352 3724 1435 3784 Νον.

239 3825 330 3887 1888.

279 3927 363 3988 Viso
379 3943 468 4002 ergo,
484 3926 573 4002 quod
589 3925 779 4001 Episcopus
796 3922 1109 3986 Confraternitates
1125 3924 1254 4001 erigere
1270 3929 1383 4002 potest
1399 3925 1437 3985 in

238 4049 301 4092 sua
326 4029 469 4092 dioecesi
495 4029 696 4090 auctiritate
719 4028 860 4105 propria
884 4032 919 4089 et
943 4027 1137 4102 ordinaria3
1163 4030 1253 4106 quod
1276 4030 1436 4090 Vicarius

239 4133 452 4212 Capitularis
484 4132 582 4194 debet
615 4149 688 4193 sese
720 4133 762 4194 ab
794 4132 839 4192 iis
871 4132 1042 4209 erigendis
1075 4133 1248 4194 abstinere
1279 4138 1313 4194 et
1346 4134 1436 4211 qnod

237 4238 398 4299 Vicarius
424 4237 601 4298 Generalis
626 4235 864 4297 tantummodo
887 4253 928 4297 ex
954 4236 1095 4313 speciali
1120 4237 1283 4315 Episcopi
1309 4238 1436 4314 delega-

238 4343 331 4404 tione
351 4341 461 4420 possit
479 4359 537 4402 eas
557 4340 686 4417 erigere
705 4340 909 4417 litterasque
929 4339 1177 4401 testimoniales
1196 4358 1258 4419 pro
1280 4359 1436 4419 aggrega-

238 4448 332 4508 tione
357 4446 547 4520 concedere,
571 4444 735 4505 videndae
759 4447 842 4504 sunt
865 4459 956 4504 nunc
981 4444 1193 4505 conditiones
1218 4463 1305 4523 quae
1330 4448 1437 4508 obser-

239 4551 369 4611 vandae
382 4552 463 4610 sunt
476 4549 512 4608 in
527 4546 836 4609 contraieritatum
849 4546 1027 4622 erectione,
1040 4550 1079 4608 ut
1093 4547 1174 4608 haec
1187 4549 1351 4610 canonica
1365 4551 1436 4629 fiat.
