3340 5170
237 449 276 510 lo
494 451 545 510 De
563 451 903 525 confraternitatibea
918 451 1161 511 Ecclesiastico

281 650 387 710 lum:
424 649 490 728 An,
506 650 538 712 si
551 649 661 714 inscio
677 652 716 713 P.
732 651 893 716 Generali
910 651 1051 714 Ordinis
1068 652 1360 732 Praedicatorum,
1378 670 1439 733 per

238 750 461 814 Ordinarium
487 751 643 831 erigatur
669 752 948 816 confraternitas
963 753 1039 816 SS.
1067 754 1215 832 Rusoni,
1244 754 1437 824 confratres

239 853 352 931 reipsa
374 854 539 916 truantur
561 853 786 933 indulgentiis
810 856 845 916 in
870 855 972 919 Brevi
996 855 1195 934 Apostolico
1220 873 1281 934 per
1304 859 1437 920 eosdem

237 954 377 1016 obtento
394 955 587 1018 concessis?

278 1056 326 1119 Et
344 1060 513 1135 quatenus
529 1057 741 1137 affirmative,

278 1158 386 1220 irum:
408 1159 464 1220 An
486 1159 652 1222 truantur
675 1160 780 1222 etiam
803 1160 884 1223 aliis
906 1160 1133 1240 indulgentiis
1155 1161 1194 1223 in
1217 1161 1310 1225 dicto
1334 1162 1437 1224 Brevi

237 1261 436 1338 Apostolico
464 1262 604 1324 obtento
633 1278 702 1324 non
729 1263 910 1341 expressis,
937 1280 1023 1341 quas
1051 1266 1167 1326 tamen
1196 1263 1276 1326 aliis
1305 1264 1436 1325 contra-

236 1361 350 1424 tribus
370 1381 392 1425 a
412 1363 557 1454 diversis
578 1362 727 1426 Summis
748 1363 974 1426 Pontificibus
996 1381 1173 1426 concessas
1194 1381 1267 1427 esse
1289 1367 1436 1442 constat,

236 1464 331 1525 utin
349 1463 529 1526 dominicis
546 1464 742 1543 menstruis,
759 1469 821 1527 aut
839 1464 919 1528 aliis
937 1465 1080 1528 diebus?
1189 1485 1190 1492 ¹

278 1566 410 1638 Quibus
425 1570 540 1629 autem
555 1567 670 1628 dubiis
686 1566 792 1630 Sacra
807 1565 1035 1646 Congregatio
1049 1567 1105 1630 die
1120 1567 1161 1630 19
1176 1567 1326 1646 Augusti
1342 1569 1434 1646 1747,

236 1668 411 1730 rationum
430 1669 611 1730 momentis
629 1667 719 1730 serio
738 1671 938 1747 matureque
955 1668 1142 1748 perpensis,
1163 1669 1435 1747 respondendum

235 1786 309 1832 esse
327 1769 478 1832 censuit:
516 1769 692 1847 Negative.

284 1872 337 1948 (b)
365 1871 486 1945 Quoad
511 1869 825 1934 confraternitates
851 1869 1051 1950 Scapulanis
1076 1873 1116 1934 B.
1142 1873 1188 1933 ll.
1212 1871 1368 1950 Virginis
1393 1872 1435 1934 de

236 1975 354 2035 Monte
371 1972 536 2051 carmelo,
555 1973 620 2035 soli
640 1971 840 2051 Superiores
859 1972 1043 2035 Generales
1062 1973 1204 2035 Ordinis
1223 1972 1433 2036 carmelitici

235 2079 307 2138 tam
340 2074 484 2137 calceati
516 2091 618 2154 quam
650 2073 837 2137 excalceati
870 2079 1015 2153 possunt
1045 2074 1083 2136 in
1116 2073 1269 2138 ecclesiis
1301 2075 1434 2154 proprii

236 2175 377 2239 Ordinis
407 2180 443 2239 et
471 2175 509 2238 in
540 2176 806 2255 quibuscumque
837 2175 928 2254 aliis,
959 2176 1141 2238 accedente
1171 2175 1435 2238 ordinariorum

236 2296 412 2356 consensu,
456 2278 618 2341 laudatas
661 2277 975 2342 Oomraurnitates
1020 2277 1182 2341 canonice
1225 2278 1356 2358 erigere
1399 2282 1435 2341 et

234 2379 456 2444 instituere⁴⁹

278 2482 478 2562 Superiores
491 2485 608 2545 tamen
621 2482 805 2546 Generales
819 2482 960 2545 Ordinis
975 2482 1187 2546 carmelitici
1201 2488 1346 2564 possunt
1360 2502 1433 2547 con·

235 2585 352 2648 cedere
376 2584 580 2648 lacultatem
608 2583 851 2648 Sacerdotibus
877 2585 1111 2648 saecularibus
1137 2586 1191 2647 vel
1218 2586 1433 2668 regularibus

234 2703 304 2749 non
320 2685 517 2750 carmelitis
532 2685 720 2764 recipiendi
737 2686 853 2748 fideles
869 2686 907 2748 in
925 2685 1254 2750 Goniraternitatem
1270 2689 1310 2750 Β.
1328 2690 1374 2750 Μ.
1391 2689 1433 2750 V.

234 2790 277 2852 de
298 2789 415 2851 Monte
437 2788 603 2865 carmelo,
627 2789 732 2851 ctiam
753 2789 799 2850 iic
822 2788 860 2849 in
882 2787 977 2866 locis,
1000 2788 1184 2867 inquibus
1207 2789 1336 2852 adsunt
1359 2806 1433 2852 con·

235 2895 356 2954 ventus
370 2889 645 2968 carmelitarum,
660 2891 730 2952 uve
744 2890 862 2968 aliquo
876 2890 1153 2969 contrementes
1166 2891 1319 2970 ciusdem
1331 2892 1371 2953 B.
1386 2891 1433 2952 li.

235 2994 275 3056 V.
294 2994 335 3056 de
353 2993 470 3054 Monte
491 2992 646 3055 carmelo
662 2993 735 3072 jum
754 2992 915 3056 meoniae
934 2992 1085 3055 erecto.⁶⁰

281 3095 332 3171 (c)
360 3095 426 3156 Jus
443 3093 596 3172 erigendi
617 3092 931 3158 confraternitates
950 3093 1076 3156 SSmae
1094 3093 1279 3158 Trinitatis
1298 3100 1432 3174 spectat

234 3197 279 3260 ad
302 3194 502 3275 Superiores
524 3195 708 3258 Generales
729 3194 948 3274 Trinitarios,
969 3198 1043 3258 tam
1064 3196 1234 3260 calceatos
1256 3214 1358 3276 quam
1380 3214 1432 3259 ex·

233 3298 412 3376 calceatos,
440 3297 484 3360 ad
511 3298 601 3376 quod
628 3297 772 3376 proinde
797 3301 851 3360 est
877 3297 1120 3360 recurrendum
1148 3315 1211 3376 pro
1236 3299 1431 3362 earumdem

232 3398 402 3463 erectione
418 3401 454 3462 et
471 3415 534 3478 pro
551 3398 738 3464 obtinenda
756 3397 926 3462 iacmtate
943 3397 1163 3462 benedicendi
1181 3401 1217 3462 et
1234 3400 1432 3480 imponendi

232 3501 414 3565 relativum
431 3501 620 3581 scapulare.
658 3501 756 3576 Quod
772 3499 989 3580 privilegium
1006 3499 1231 3564 obtinuerunt
1248 3501 1431 3566 minitarii

233 3602 544 3667 aPauloPP.V.³²
1085 3643 1086 3647 =

283 3706 338 3782 (d)
366 3704 465 3779 Quod
495 3707 630 3784 spectat
661 3701 806 3783 denique
837 3702 1124 3783 cbnrdigerorum
1156 3703 1430 3768 Contraternits·

232 3811 312 3886 iem,
330 3807 412 3870 baec
429 3807 629 3871 adnotanda
646 3810 746 3870 sunt:
788 3805 947 3869 Summus
965 3805 1128 3869 Pontifex
1148 3797 1268 3870 Sixtus
1286 3808 1328 3886 V,
1348 3807 1431 3869 Oon·

233 3909 425 3987 stitutione,
445 3927 532 3989 quae
553 3909 709 3989 incipit:¹
737 3909 792 3970 lic
814 3924 991 3986 samanae
1014 3907 1263 3986 dispositionis,
1284 3909 1326 3972 de
1347 3909 1431 3972 dato

233 4013 274 4075 19
298 4011 498 4074 Novembris
523 4011 605 4074 1585
628 4014 724 4073 motu
749 4009 889 4089 proprio
913 4013 949 4072 et
972 4012 1067 4072 certa
1092 4008 1238 4072 scientia
1262 4009 1371 4073 erexit
1395 4013 1431 4074 ct

233 4113 390 4178 instituit
411 4114 449 4176 in
469 4113 612 4178 ecclesia
633 4113 671 4176 0.
693 4111 871 4174 Francisci
891 4110 1045 4174 civitatis
1067 4109 1203 4190 Assisii‚
1226 4111 1285 4173 ubi
1306 4127 1431 4190 corpus

233 4215 410 4296 Serapbici
431 4215 657 4280 Patriarcbae
677 4213 832 4294 umescit,
855 4213 1269 4277 Archconlraternitatem
1292 4213 1431 4277 chordi-

265 4416 408 4468 ‘Deoret
427 4416 508 4468 autb.
527 4427 555 4468 n.
575 4413 635 4466 2⁰8.

265 4489 408 4540 ’Decret
427 4487 509 4540 autb.
527 4499 556 4540 n
576 4485 636 4538 889.

180 4610 183 4618 ,
266 4561 408 4614 'Deomt
427 4560 508 4614 autb.
527 4572 556 4613 u.
575 4559 636 4612 21³.
