<?xml version="1.0" encoding="UTF-8"?>
<!DOCTYPE html PUBLIC "-//W3C//DTD XHTML 1.0 Transitional//EN"
    "http://www.w3.org/TR/xhtml1/DTD/xhtml1-transitional.dtd">
<html xmlns="http://www.w3.org/1999/xhtml" xml:lang="en" lang="en">
 <head>
  <title>
</title>
<meta http-equiv="Content-Type" content="text/html;charset=utf-8" />
  <meta name='ocr-system' content='tesseract 3.04.00' />
  <meta name='ocr-capabilities' content='ocr_page ocr_carea ocr_par ocr_line ocrx_word'/>
</head>
<body>
  <div class='ocr_page' id='page_1' title='image "./deconfraternita01borkgoog_0058.png"; bbox 0 0 3340 5170; ppageno 0'>
   <div class='ocr_carea' id='block_1_1' title="bbox 701 700 922 763">
    <p class='ocr_par' dir='ltr' id='par_1_1' title="bbox 701 700 922 763">
     <span class='ocr_line' id='line_1_1' title="bbox 701 700 922 763; baseline -0.005 0"><span class='ocrx_word' id='word_1_1' title='bbox 701 700 850 763; x_wconf 79' lang='lat' dir='ltr'>CAPUT</span> <span class='ocrx_word' id='word_1_2' title='bbox 871 701 922 762; x_wconf 90' lang='lat' dir='ltr'>IV</span> 
     </span>
    </p>
   </div>
   <div class='ocr_carea' id='block_1_2' title="bbox 503 851 1170 898">
    <p class='ocr_par' dir='ltr' id='par_1_2' title="bbox 503 851 1170 898">
     <span class='ocr_line' id='line_1_2' title="bbox 503 851 1170 898; baseline -0.003 0"><span class='ocrx_word' id='word_1_3' title='bbox 503 854 544 898; x_wconf 81' lang='lat' dir='ltr'>bn</span> <span class='ocrx_word' id='word_1_4' title='bbox 566 851 922 898; x_wconf 60' lang='lat' dir='ltr'>murmurmurmur</span> <span class='ocrx_word' id='word_1_5' title='bbox 945 851 1117 897; x_wconf 68' lang='lat' dir='ltr'>arumnis</span> <span class='ocrx_word' id='word_1_6' title='bbox 1168 877 1170 884; x_wconf 47' lang='grc' dir='ltr'>ν</span> 
     </span>
    </p>
   </div>
   <div class='ocr_carea' id='block_1_3' title="bbox 213 984 1412 1373">
    <p class='ocr_par' dir='ltr' id='par_1_3' title="bbox 213 984 1412 1373">
     <span class='ocr_line' id='line_1_3' title="bbox 260 984 1410 1066; baseline -0.005 -16"><span class='ocrx_word' id='word_1_7' title='bbox 260 988 313 1066; x_wconf 84' lang='lat' dir='ltr'>(o)</span> <span class='ocrx_word' id='word_1_8' title='bbox 342 988 393 1049; x_wconf 90' lang='lat' dir='ltr'>De</span> <span class='ocrx_word' id='word_1_9' title='bbox 408 987 565 1049; x_wconf 88' lang='lat' dir='ltr'>Rectoris</span> <span class='ocrx_word' id='word_1_10' title='bbox 580 985 834 1064; x_wconf 83' lang='lat' dir='ltr'>designatione3</span> <span class='ocrx_word' id='word_1_11' title='bbox 858 987 911 1062; x_wconf 85' lang='lat' dir='ltr'>(b)</span> <span class='ocrx_word' id='word_1_12' title='bbox 940 987 991 1047; x_wconf 92' lang='lat' dir='ltr'>De</span> <span class='ocrx_word' id='word_1_13' title='bbox 1005 985 1198 1064; x_wconf 80' lang='lat' dir='ltr'>receptione</span> <span class='ocrx_word' id='word_1_14' title='bbox 1215 984 1410 1062; x_wconf 79' lang='lat' dir='ltr'>Sodalium3</span> 
     </span>
     <span class='ocr_line' id='line_1_4' title="bbox 220 1085 1406 1167; baseline -0.003 -15"><span class='ocrx_word' id='word_1_15' title='bbox 220 1091 270 1167; x_wconf 86' lang='lat' dir='ltr'>(c)</span> <span class='ocrx_word' id='word_1_16' title='bbox 299 1091 350 1152; x_wconf 89' lang='lat' dir='ltr'>De</span> <span class='ocrx_word' id='word_1_17' title='bbox 371 1090 645 1152; x_wconf 84' lang='lat' dir='ltr'>formalitatihus</span> <span class='ocrx_word' id='word_1_18' title='bbox 666 1089 703 1148; x_wconf 92' lang='lat' dir='ltr'>in</span> <span class='ocrx_word' id='word_1_19' title='bbox 727 1088 920 1167; x_wconf 84' lang='lat' dir='ltr'>receptione</span> <span class='ocrx_word' id='word_1_20' title='bbox 944 1087 1120 1149; x_wconf 78' lang='lat' dir='ltr'>Sodalium</span> <span class='ocrx_word' id='word_1_21' title='bbox 1144 1087 1321 1149; x_wconf 78' lang='lat' dir='ltr'>servandis</span> <span class='ocrx_word' id='word_1_22' title='bbox 1351 1085 1406 1162; x_wconf 81' lang='lat' dir='ltr'>(d)</span> 
     </span>
     <span class='ocr_line' id='line_1_5' title="bbox 213 1189 1412 1271; baseline -0.004 -17"><span class='ocrx_word' id='word_1_23' title='bbox 213 1193 264 1254; x_wconf 91' lang='lat' dir='ltr'>De</span> <span class='ocrx_word' id='word_1_24' title='bbox 282 1192 513 1271; x_wconf 78' lang='lat' dir='ltr'>perpetuitate</span> <span class='ocrx_word' id='word_1_25' title='bbox 530 1189 767 1268; x_wconf 83' lang='lat' dir='ltr'>admissionis3</span> <span class='ocrx_word' id='word_1_26' title='bbox 792 1191 843 1266; x_wconf 84' lang='lat' dir='ltr'>(e)</span> <span class='ocrx_word' id='word_1_27' title='bbox 871 1192 923 1251; x_wconf 92' lang='lat' dir='ltr'>De</span> <span class='ocrx_word' id='word_1_28' title='bbox 939 1189 1075 1269; x_wconf 89' lang='lat' dir='ltr'>juribus</span> <span class='ocrx_word' id='word_1_29' title='bbox 1091 1193 1126 1251; x_wconf 90' lang='lat' dir='ltr'>et</span> <span class='ocrx_word' id='word_1_30' title='bbox 1144 1189 1412 1267; x_wconf 82' lang='lat' dir='ltr'>obligationibus</span> 
     </span>
     <span class='ocr_line' id='line_1_6' title="bbox 214 1290 1354 1373; baseline -0.004 -17"><span class='ocrx_word' id='word_1_31' title='bbox 214 1294 408 1372; x_wconf 80' lang='lat' dir='ltr'>Sodalium3</span> <span class='ocrx_word' id='word_1_32' title='bbox 433 1295 479 1373; x_wconf 73' lang='lat' dir='ltr'>(f)</span> <span class='ocrx_word' id='word_1_33' title='bbox 508 1296 559 1355; x_wconf 94' lang='lat' dir='ltr'>De</span> <span class='ocrx_word' id='word_1_34' title='bbox 574 1292 772 1370; x_wconf 78' lang='lat' dir='ltr'>expulsione</span> <span class='ocrx_word' id='word_1_35' title='bbox 790 1291 967 1354; x_wconf 83' lang='lat' dir='ltr'>Sodalium</span> <span class='ocrx_word' id='word_1_36' title='bbox 983 1308 1002 1354; x_wconf 98' lang='lat' dir='ltr'>e</span> <span class='ocrx_word' id='word_1_37' title='bbox 1018 1308 1121 1353; x_wconf 89' lang='lat' dir='ltr'>coeno</span> <span class='ocrx_word' id='word_1_38' title='bbox 1139 1290 1354 1353; x_wconf 81' lang='lat' dir='ltr'>Sodalitatis.</span> 
     </span>
    </p>
   </div>
   <div class='ocr_carea' id='block_1_4' title="bbox 497 1460 1128 1538">
    <p class='ocr_par' dir='ltr' id='par_1_4' title="bbox 497 1460 1128 1538">
     <span class='ocr_line' id='line_1_7' title="bbox 497 1460 1128 1538; baseline 0 -17"><span class='ocrx_word' id='word_1_39' title='bbox 497 1463 572 1522; x_wconf 81' lang='lat' dir='ltr'>Art.</span> <span class='ocrx_word' id='word_1_40' title='bbox 589 1463 609 1522; x_wconf 89' lang='lat' dir='ltr'>l</span> <span class='ocrx_word' id='word_1_41' title='bbox 619 1481 626 1521; x_wconf 76' lang='grc' dir='ltr'>ε</span> <span class='ocrx_word' id='word_1_42' title='bbox 644 1461 695 1523; x_wconf 86' lang='lat' dir='ltr'>De</span> <span class='ocrx_word' id='word_1_43' title='bbox 712 1461 867 1522; x_wconf 79' lang='lat' dir='ltr'>Rectorie</span> <span class='ocrx_word' id='word_1_44' title='bbox 884 1460 1128 1538; x_wconf 81' lang='lat' dir='ltr'>deeipootiooe.</span> 
     </span>
    </p>
   </div>
   <div class='ocr_carea' id='block_1_5' title="bbox 213 1591 1418 2593">
    <p class='ocr_par' dir='ltr' id='par_1_5' title="bbox 213 1591 1418 2593">
     <span class='ocr_line' id='line_1_8' title="bbox 256 1591 1414 1672; baseline -0.001 -14"><span class='ocrx_word' id='word_1_45' title='bbox 256 1599 285 1658; x_wconf 91' lang='lat'>1.</span> <span class='ocrx_word' id='word_1_46' title='bbox 308 1596 487 1669; x_wconf 79' lang='lat' dir='ltr'>Quaelibet</span> <span class='ocrx_word' id='word_1_47' title='bbox 512 1596 791 1658; x_wconf 70' lang='lat' dir='ltr'>confraternitas</span> <span class='ocrx_word' id='word_1_48' title='bbox 814 1613 913 1657; x_wconf 90' lang='lat' dir='ltr'>suum</span> <span class='ocrx_word' id='word_1_49' title='bbox 937 1597 1133 1658; x_wconf 88' lang='lat' dir='ltr'>Praesidem</span> <span class='ocrx_word' id='word_1_50' title='bbox 1158 1597 1281 1658; x_wconf 87' lang='lat' dir='ltr'>habere</span> <span class='ocrx_word' id='word_1_51' title='bbox 1305 1591 1414 1672; x_wconf 85' lang='lat' dir='ltr'>debet,</span> 
     </span>
     <span class='ocr_line' id='line_1_9' title="bbox 214 1697 1414 1778; baseline -0.004 -17"><span class='ocrx_word' id='word_1_52' title='bbox 214 1699 273 1778; x_wconf 93' lang='lat' dir='ltr'>qui</span> <span class='ocrx_word' id='word_1_53' title='bbox 295 1700 348 1761; x_wconf 90' lang='lat' dir='ltr'>vel</span> <span class='ocrx_word' id='word_1_54' title='bbox 369 1699 529 1761; x_wconf 87' lang='lat' dir='ltr'>Director</span> <span class='ocrx_word' id='word_1_55' title='bbox 549 1698 602 1760; x_wconf 92' lang='lat' dir='ltr'>vel</span> <span class='ocrx_word' id='word_1_56' title='bbox 623 1699 749 1761; x_wconf 86' lang='lat' dir='ltr'>Rector</span> <span class='ocrx_word' id='word_1_57' title='bbox 770 1702 832 1761; x_wconf 89' lang='lat' dir='ltr'>aut</span> <span class='ocrx_word' id='word_1_58' title='bbox 854 1698 1052 1760; x_wconf 84' lang='lat' dir='ltr'>Moderator</span> <span class='ocrx_word' id='word_1_59' title='bbox 1072 1699 1125 1760; x_wconf 87' lang='lat' dir='ltr'>vel</span> <span class='ocrx_word' id='word_1_60' title='bbox 1147 1697 1252 1760; x_wconf 90' lang='lat' dir='ltr'>etiam</span> <span class='ocrx_word' id='word_1_61' title='bbox 1275 1697 1414 1776; x_wconf 79' lang='lat' dir='ltr'>Oappel-</span> 
     </span>
     <span class='ocr_line' id='line_1_10' title="bbox 215 1799 1414 1879; baseline -0.003 -17"><span class='ocrx_word' id='word_1_62' title='bbox 215 1803 317 1876; x_wconf 85' lang='lat' dir='ltr'>lanus</span> <span class='ocrx_word' id='word_1_63' title='bbox 340 1801 532 1879; x_wconf 90' lang='lat' dir='ltr'>nuncupari</span> <span class='ocrx_word' id='word_1_64' title='bbox 552 1801 679 1878; x_wconf 82' lang='lat' dir='ltr'>solet,⁶⁸</span> <span class='ocrx_word' id='word_1_65' title='bbox 704 1801 758 1862; x_wconf 91' lang='lat' dir='ltr'>cui</span> <span class='ocrx_word' id='word_1_66' title='bbox 782 1805 935 1879; x_wconf 85' lang='lat' dir='ltr'>potestas</span> <span class='ocrx_word' id='word_1_67' title='bbox 958 1805 1011 1864; x_wconf 90' lang='lat' dir='ltr'>est</span> <span class='ocrx_word' id='word_1_68' title='bbox 1033 1818 1074 1863; x_wconf 93' lang='lat' dir='ltr'>ea</span> <span class='ocrx_word' id='word_1_69' title='bbox 1096 1801 1234 1878; x_wconf 90' lang='lat' dir='ltr'>gerendi</span> <span class='ocrx_word' id='word_1_70' title='bbox 1260 1817 1346 1876; x_wconf 86' lang='lat' dir='ltr'>quae</span> <span class='ocrx_word' id='word_1_71' title='bbox 1371 1799 1414 1861; x_wconf 91' lang='lat' dir='ltr'>ad</span> 
     </span>
     <span class='ocr_line' id='line_1_11' title="bbox 214 1901 1416 1983; baseline -0.001 -18"><span class='ocrx_word' id='word_1_72' title='bbox 214 1901 376 1965; x_wconf 78' lang='lat' dir='ltr'>Rectores</span> <span class='ocrx_word' id='word_1_73' title='bbox 396 1907 564 1983; x_wconf 78' lang='lat' dir='ltr'>spectant,</span> <span class='ocrx_word' id='word_1_74' title='bbox 581 1906 618 1965; x_wconf 89' lang='lat' dir='ltr'>et</span> <span class='ocrx_word' id='word_1_75' title='bbox 635 1903 751 1980; x_wconf 89' lang='lat' dir='ltr'>etiam,</span> <span class='ocrx_word' id='word_1_76' title='bbox 770 1907 939 1982; x_wconf 77' lang='lat' dir='ltr'>quotenus</span> <span class='ocrx_word' id='word_1_77' title='bbox 956 1904 995 1964; x_wconf 81' lang='lat' dir='ltr'>iu</span> <span class='ocrx_word' id='word_1_78' title='bbox 1012 1904 1203 1982; x_wconf 80' lang='lat' dir='ltr'>respectiva</span> <span class='ocrx_word' id='word_1_79' title='bbox 1222 1903 1416 1964; x_wconf 63' lang='lat' dir='ltr'>sodalitate</span> 
     </span>
     <span class='ocr_line' id='line_1_12' title="bbox 213 2005 1416 2083; baseline -0.001 -17"><span class='ocrx_word' id='word_1_80' title='bbox 213 2006 252 2067; x_wconf 79' lang='lat' dir='ltr'>id</span> <span class='ocrx_word' id='word_1_81' title='bbox 273 2007 413 2068; x_wconf 79' lang='lat' dir='ltr'>Rectori</span> <span class='ocrx_word' id='word_1_82' title='bbox 435 2007 623 2083; x_wconf 79' lang='lat' dir='ltr'>tribuatur,</span> <span class='ocrx_word' id='word_1_83' title='bbox 644 2005 760 2067; x_wconf 87' lang='lat' dir='ltr'>fideles</span> <span class='ocrx_word' id='word_1_84' title='bbox 782 2005 1009 2083; x_wconf 88' lang='lat' dir='ltr'>adscribendi,</span> <span class='ocrx_word' id='word_1_85' title='bbox 1033 2005 1172 2067; x_wconf 90' lang='lat' dir='ltr'>habitus</span> <span class='ocrx_word' id='word_1_86' title='bbox 1195 2005 1416 2067; x_wconf 89' lang='lat' dir='ltr'>benedicendi</span> 
     </span>
     <span class='ocr_line' id='line_1_13' title="bbox 215 2107 1418 2186; baseline -0.003 -16"><span class='ocrx_word' id='word_1_87' title='bbox 215 2112 251 2170; x_wconf 92' lang='lat' dir='ltr'>et</span> <span class='ocrx_word' id='word_1_88' title='bbox 270 2108 476 2186; x_wconf 82' lang='lat' dir='ltr'>scapularia,</span> <span class='ocrx_word' id='word_1_89' title='bbox 495 2108 624 2185; x_wconf 90' lang='lat' dir='ltr'>illaque</span> <span class='ocrx_word' id='word_1_90' title='bbox 642 2107 848 2185; x_wconf 91' lang='lat' dir='ltr'>imponendi,</span> <span class='ocrx_word' id='word_1_91' title='bbox 868 2125 1021 2184; x_wconf 89' lang='lat' dir='ltr'>coronas,</span> <span class='ocrx_word' id='word_1_92' title='bbox 1040 2111 1115 2183; x_wconf 80' lang='lat' dir='ltr'>etc,</span> <span class='ocrx_word' id='word_1_93' title='bbox 1134 2107 1266 2186; x_wconf 89' lang='lat' dir='ltr'>pariter</span> <span class='ocrx_word' id='word_1_94' title='bbox 1286 2107 1418 2169; x_wconf 89' lang='lat' dir='ltr'>henedi-</span> 
     </span>
     <span class='ocr_line' id='line_1_14' title="bbox 216 2209 1416 2288; baseline -0.002 -16"><span class='ocrx_word' id='word_1_95' title='bbox 216 2211 315 2272; x_wconf 91' lang='lat' dir='ltr'>cendi</span> <span class='ocrx_word' id='word_1_96' title='bbox 340 2210 441 2288; x_wconf 80' lang='lat' dir='ltr'>J&#39;uxta</span> <span class='ocrx_word' id='word_1_97' title='bbox 468 2209 654 2272; x_wconf 79' lang='lat' dir='ltr'>facultates</span> <span class='ocrx_word' id='word_1_98' title='bbox 681 2211 726 2272; x_wconf 90' lang='lat' dir='ltr'>ad</span> <span class='ocrx_word' id='word_1_99' title='bbox 752 2209 938 2286; x_wconf 87' lang='lat' dir='ltr'>quamlibet</span> <span class='ocrx_word' id='word_1_100' title='bbox 967 2209 1194 2271; x_wconf 74' lang='lat' dir='ltr'>sodalitatem</span> <span class='ocrx_word' id='word_1_101' title='bbox 1221 2213 1416 2287; x_wconf 86' lang='lat' dir='ltr'>spectantes</span> 
     </span>
     <span class='ocr_line' id='line_1_15' title="bbox 216 2310 1417 2390; baseline -0.002 -18"><span class='ocrx_word' id='word_1_102' title='bbox 216 2328 281 2390; x_wconf 92' lang='lat' dir='ltr'>pro</span> <span class='ocrx_word' id='word_1_103' title='bbox 301 2311 471 2374; x_wconf 89' lang='lat' dir='ltr'>similibus</span> <span class='ocrx_word' id='word_1_104' title='bbox 492 2311 780 2390; x_wconf 90' lang='lat' dir='ltr'>impositionibus,</span> <span class='ocrx_word' id='word_1_105' title='bbox 801 2310 1105 2387; x_wconf 85' lang='lat' dir='ltr'>benedictionibus,</span> <span class='ocrx_word' id='word_1_106' title='bbox 1124 2315 1187 2372; x_wconf 84' lang='lat' dir='ltr'>etc.</span> <span class='ocrx_word' id='word_1_107' title='bbox 1231 2311 1333 2372; x_wconf 91' lang='lat' dir='ltr'>Patet</span> <span class='ocrx_word' id='word_1_108' title='bbox 1356 2312 1417 2370; x_wconf 89' lang='lat' dir='ltr'>hoc</span> 
     </span>
     <span class='ocr_line' id='line_1_16' title="bbox 216 2408 1417 2492; baseline -0.003 -16"><span class='ocrx_word' id='word_1_109' title='bbox 216 2432 259 2476; x_wconf 87' lang='lat' dir='ltr'>ex</span> <span class='ocrx_word' id='word_1_110' title='bbox 273 2415 408 2476; x_wconf 89' lang='lat' dir='ltr'>decreto</span> <span class='ocrx_word' id='word_1_111' title='bbox 423 2414 622 2477; x_wconf 91' lang='lat' dir='ltr'>authentico</span> <span class='ocrx_word' id='word_1_112' title='bbox 635 2414 707 2491; x_wconf 84' lang='lat'>389,</span> <span class='ocrx_word' id='word_1_113' title='bbox 722 2415 811 2492; x_wconf 93' lang='lat' dir='ltr'>quod</span> <span class='ocrx_word' id='word_1_114' title='bbox 825 2431 930 2492; x_wconf 92' lang='lat' dir='ltr'>quum</span> <span class='ocrx_word' id='word_1_115' title='bbox 943 2413 990 2475; x_wconf 92' lang='lat' dir='ltr'>sit</span> <span class='ocrx_word' id='word_1_116' title='bbox 1004 2414 1042 2474; x_wconf 93' lang='lat' dir='ltr'>in</span> <span class='ocrx_word' id='word_1_117' title='bbox 1057 2431 1254 2492; x_wconf 87' lang='lat' dir='ltr'>generesuo</span> <span class='ocrx_word' id='word_1_118' title='bbox 1269 2408 1417 2490; x_wconf 86' lang='lat' dir='ltr'>unicum,</span> 
     </span>
     <span class='ocr_line' id='line_1_17' title="bbox 218 2515 1416 2593; baseline -0.003 -15"><span class='ocrx_word' id='word_1_119' title='bbox 218 2518 343 2578; x_wconf 90' lang='lat' dir='ltr'>bonum</span> <span class='ocrx_word' id='word_1_120' title='bbox 364 2517 500 2578; x_wconf 90' lang='lat' dir='ltr'>videtur</span> <span class='ocrx_word' id='word_1_121' title='bbox 521 2517 608 2578; x_wconf 91' lang='lat' dir='ltr'>illud</span> <span class='ocrx_word' id='word_1_122' title='bbox 629 2515 684 2577; x_wconf 93' lang='lat' dir='ltr'>hic</span> <span class='ocrx_word' id='word_1_123' title='bbox 706 2515 878 2593; x_wconf 91' lang='lat' dir='ltr'>integrum</span> <span class='ocrx_word' id='word_1_124' title='bbox 900 2515 1037 2592; x_wconf 87' lang='lat' dir='ltr'>referre,</span> <span class='ocrx_word' id='word_1_125' title='bbox 1059 2517 1156 2593; x_wconf 92' lang='lat' dir='ltr'>quod</span> <span class='ocrx_word' id='word_1_126' title='bbox 1170 2515 1220 2577; x_wconf 91' lang='lat' dir='ltr'>sic</span> <span class='ocrx_word' id='word_1_127' title='bbox 1241 2515 1416 2577; x_wconf 90' lang='lat' dir='ltr'>sehabet:</span> 
     </span>
    </p>
   </div>
   <div class='ocr_carea' id='block_1_6' title="bbox 303 2633 1335 2712">
    <p class='ocr_par' dir='ltr' id='par_1_6' title="bbox 303 2633 1335 2712">
     <span class='ocr_line' id='line_1_18' title="bbox 303 2633 1335 2712; baseline -0.001 -18"><span class='ocrx_word' id='word_1_128' title='bbox 303 2635 395 2712; x_wconf 88' lang='grc'><strong>1861,</strong></span> <span class='ocrx_word' id='word_1_129' title='bbox 417 2636 437 2697; x_wconf 89' lang='grc'>8</span> <span class='ocrx_word' id='word_1_130' title='bbox 459 2634 632 2696; x_wconf 85' lang='lat' dir='ltr'>Januarii.</span> <span class='ocrx_word' id='word_1_131' title='bbox 790 2635 842 2696; x_wconf 92' lang='lat' dir='ltr'>De</span> <span class='ocrx_word' id='word_1_132' title='bbox 866 2633 1097 2695; x_wconf 82' lang='lat' dir='ltr'>Sodalitatum</span> <span class='ocrx_word' id='word_1_133' title='bbox 1123 2633 1335 2695; x_wconf 85' lang='lat' dir='ltr'>Rectorihus.</span> 
     </span>
    </p>
   </div>
   <div class='ocr_carea' id='block_1_7' title="bbox 211 2753 1429 4461">
    <p class='ocr_par' dir='ltr' id='par_1_7' title="bbox 211 2753 1429 4461">
     <span class='ocr_line' id='line_1_19' title="bbox 265 2753 1418 2834; baseline -0.001 -19"><span class='ocrx_word' id='word_1_134' title='bbox 265 2753 367 2815; x_wconf 89' lang='lat' dir='ltr'>Urbis</span> <span class='ocrx_word' id='word_1_135' title='bbox 390 2757 424 2814; x_wconf 92' lang='lat' dir='ltr'>et</span> <span class='ocrx_word' id='word_1_136' title='bbox 449 2753 558 2815; x_wconf 89' lang='lat' dir='ltr'>Orbis.</span> <span class='ocrx_word' id='word_1_137' title='bbox 604 2755 688 2815; x_wconf 84' lang='lat' dir='ltr'>Oum</span> <span class='ocrx_word' id='word_1_138' title='bbox 713 2755 828 2830; x_wconf 85' lang='lat' dir='ltr'>plures</span> <span class='ocrx_word' id='word_1_139' title='bbox 851 2753 1173 2834; x_wconf 65' lang='lat' dir='ltr'>‚confraternitates</span> <span class='ocrx_word' id='word_1_140' title='bbox 1199 2753 1418 2831; x_wconf 81' lang='lat' dir='ltr'>Sodalitates,</span> 
     </span>
     <span class='ocr_line' id='line_1_20' title="bbox 218 2855 1419 2934; baseline 0.001 -19"><span class='ocrx_word' id='word_1_141' title='bbox 218 2855 297 2932; x_wconf 93' lang='lat' dir='ltr'>piae</span> <span class='ocrx_word' id='word_1_142' title='bbox 316 2855 478 2932; x_wconf 90' lang='lat' dir='ltr'>Uniones,</span> <span class='ocrx_word' id='word_1_143' title='bbox 499 2859 563 2917; x_wconf 89' lang='lat' dir='ltr'>etc.</span> <span class='ocrx_word' id='word_1_144' title='bbox 607 2855 891 2916; x_wconf 82' lang='lat' dir='ltr'>Christifldelium</span> <span class='ocrx_word' id='word_1_145' title='bbox 913 2857 1075 2918; x_wconf 85' lang='lat' dir='ltr'>canonice</span> <span class='ocrx_word' id='word_1_146' title='bbox 1096 2860 1229 2918; x_wconf 84' lang='lat' dir='ltr'>erectae</span> <span class='ocrx_word' id='word_1_147' title='bbox 1251 2857 1419 2934; x_wconf 87' lang='lat' dir='ltr'>reperian-</span> 
     </span>
     <span class='ocr_line' id='line_1_21' title="bbox 219 2957 1420 3035; baseline 0.001 -17"><span class='ocrx_word' id='word_1_148' title='bbox 219 2961 289 3034; x_wconf 88' lang='lat' dir='ltr'>tur,</span> <span class='ocrx_word' id='word_1_149' title='bbox 308 2957 346 3016; x_wconf 93' lang='lat' dir='ltr'>in</span> <span class='ocrx_word' id='word_1_150' title='bbox 366 2957 488 3034; x_wconf 92' lang='lat' dir='ltr'>quihus</span> <span class='ocrx_word' id='word_1_151' title='bbox 508 2957 573 3020; x_wconf 92' lang='lat' dir='ltr'>loci</span> <span class='ocrx_word' id='word_1_152' title='bbox 594 2957 801 3018; x_wconf 88' lang='lat' dir='ltr'>Ordinarius</span> <span class='ocrx_word' id='word_1_153' title='bbox 822 2957 1052 3035; x_wconf 87' lang='lat' dir='ltr'>designaverit</span> <span class='ocrx_word' id='word_1_154' title='bbox 1073 2959 1267 3035; x_wconf 89' lang='lat' dir='ltr'>parochum,</span> <span class='ocrx_word' id='word_1_155' title='bbox 1289 2957 1348 3035; x_wconf 90' lang='lat' dir='ltr'>qui</span> <span class='ocrx_word' id='word_1_156' title='bbox 1369 2976 1420 3020; x_wconf 92' lang='lat' dir='ltr'>ra·</span> 
     </span>
     <span class='ocr_line' id='line_1_22' title="bbox 218 3051 1419 3137; baseline -0.001 -17"><span class='ocrx_word' id='word_1_157' title='bbox 218 3059 313 3120; x_wconf 91' lang='lat' dir='ltr'>tione</span> <span class='ocrx_word' id='word_1_158' title='bbox 328 3058 489 3136; x_wconf 77' lang='lat' dir='ltr'>muneris,</span> <span class='ocrx_word' id='word_1_159' title='bbox 504 3059 594 3136; x_wconf 94' lang='lat' dir='ltr'>quod</span> <span class='ocrx_word' id='word_1_160' title='bbox 609 3063 743 3120; x_wconf 85' lang='lat' dir='ltr'>exercet</span> <span class='ocrx_word' id='word_1_161' title='bbox 758 3076 820 3137; x_wconf 90' lang='lat' dir='ltr'>pro</span> <span class='ocrx_word' id='word_1_162' title='bbox 836 3063 997 3137; x_wconf 91' lang='lat' dir='ltr'>tempore,</span> <span class='ocrx_word' id='word_1_163' title='bbox 1013 3076 1079 3137; x_wconf 93' lang='lat' dir='ltr'>quo</span> <span class='ocrx_word' id='word_1_164' title='bbox 1095 3051 1234 3121; x_wconf 87' lang='lat' dir='ltr'>munere</span> <span class='ocrx_word' id='word_1_165' title='bbox 1249 3058 1419 3137; x_wconf 89' lang='lat' dir='ltr'>fungitur,</span> 
     </span>
     <span class='ocr_line' id='line_1_23' title="bbox 219 3160 1421 3238; baseline 0 -17"><span class='ocrx_word' id='word_1_166' title='bbox 219 3161 267 3221; x_wconf 92' lang='lat' dir='ltr'>sit</span> <span class='ocrx_word' id='word_1_167' title='bbox 289 3160 500 3221; x_wconf 88' lang='lat' dir='ltr'>constitutus</span> <span class='ocrx_word' id='word_1_168' title='bbox 524 3160 843 3237; x_wconf 76' lang='lat' dir='ltr'>confraternitatis,</span> <span class='ocrx_word' id='word_1_169' title='bbox 866 3164 929 3222; x_wconf 92' lang='lat' dir='ltr'>etc.</span> <span class='ocrx_word' id='word_1_170' title='bbox 973 3162 1109 3237; x_wconf 90' lang='lat' dir='ltr'>Rector,</span> <span class='ocrx_word' id='word_1_171' title='bbox 1132 3161 1336 3238; x_wconf 91' lang='lat' dir='ltr'>moderator,</span> <span class='ocrx_word' id='word_1_172' title='bbox 1360 3179 1421 3222; x_wconf 92' lang='lat' dir='ltr'>seu</span> 
     </span>
     <span class='ocr_line' id='line_1_24' title="bbox 219 3262 1420 3340; baseline 0.001 -18"><span class='ocrx_word' id='word_1_173' title='bbox 219 3279 429 3340; x_wconf 90' lang='lat' dir='ltr'>quocumque</span> <span class='ocrx_word' id='word_1_174' title='bbox 461 3262 567 3323; x_wconf 87' lang='lat' dir='ltr'>titulo</span> <span class='ocrx_word' id='word_1_175' title='bbox 600 3263 803 3340; x_wconf 88' lang='lat' dir='ltr'>appelletur,</span> <span class='ocrx_word' id='word_1_176' title='bbox 838 3262 981 3340; x_wconf 90' lang='lat' dir='ltr'>proinde</span> <span class='ocrx_word' id='word_1_177' title='bbox 1013 3263 1182 3324; x_wconf 81' lang='lat' dir='ltr'>facultate</span> <span class='ocrx_word' id='word_1_178' title='bbox 1217 3263 1345 3339; x_wconf 92' lang='lat' dir='ltr'>polleat</span> <span class='ocrx_word' id='word_1_179' title='bbox 1379 3280 1420 3323; x_wconf 88' lang='lat' dir='ltr'>ea</span> 
     </span>
     <span class='ocr_line' id='line_1_25' title="bbox 219 3363 1420 3442; baseline 0.002 -18"><span class='ocrx_word' id='word_1_180' title='bbox 219 3364 369 3442; x_wconf 91' lang='lat' dir='ltr'>gerendi,</span> <span class='ocrx_word' id='word_1_181' title='bbox 389 3381 476 3442; x_wconf 88' lang='lat' dir='ltr'>quae</span> <span class='ocrx_word' id='word_1_182' title='bbox 496 3365 541 3424; x_wconf 91' lang='lat' dir='ltr'>ad</span> <span class='ocrx_word' id='word_1_183' title='bbox 561 3365 723 3425; x_wconf 89' lang='lat' dir='ltr'>Rectores</span> <span class='ocrx_word' id='word_1_184' title='bbox 743 3367 911 3442; x_wconf 90' lang='lat' dir='ltr'>spectant,</span> <span class='ocrx_word' id='word_1_185' title='bbox 932 3368 967 3425; x_wconf 93' lang='lat' dir='ltr'>et</span> <span class='ocrx_word' id='word_1_186' title='bbox 989 3363 1103 3440; x_wconf 89' lang='lat' dir='ltr'>etiam,</span> <span class='ocrx_word' id='word_1_187' title='bbox 1125 3368 1294 3442; x_wconf 87' lang='lat' dir='ltr'>quatenus</span> <span class='ocrx_word' id='word_1_188' title='bbox 1315 3365 1352 3425; x_wconf 93' lang='lat' dir='ltr'>in</span> <span class='ocrx_word' id='word_1_189' title='bbox 1373 3382 1420 3426; x_wconf 85' lang='lat' dir='ltr'>re-</span> 
     </span>
     <span class='ocr_line' id='line_1_26' title="bbox 221 3465 1420 3543; baseline -0.001 -16"><span class='ocrx_word' id='word_1_190' title='bbox 221 3465 372 3543; x_wconf 87' lang='lat' dir='ltr'>spectiva</span> <span class='ocrx_word' id='word_1_191' title='bbox 401 3466 593 3527; x_wconf 85' lang='lat' dir='ltr'>Sodalitate</span> <span class='ocrx_word' id='word_1_192' title='bbox 620 3465 656 3526; x_wconf 90' lang='lat' dir='ltr'>id</span> <span class='ocrx_word' id='word_1_193' title='bbox 683 3465 808 3527; x_wconf 87' lang='lat' dir='ltr'>rectori</span> <span class='ocrx_word' id='word_1_194' title='bbox 835 3465 1044 3542; x_wconf 87' lang='lat' dir='ltr'>tribuantur,</span> <span class='ocrx_word' id='word_1_195' title='bbox 1063 3467 1177 3527; x_wconf 85' lang='lat' dir='ltr'>fideles</span> <span class='ocrx_word' id='word_1_196' title='bbox 1194 3466 1420 3542; x_wconf 88' lang='lat' dir='ltr'>adscribendi,</span> 
     </span>
     <span class='ocr_line' id='line_1_27' title="bbox 220 3567 1420 3647; baseline 0.001 -19"><span class='ocrx_word' id='word_1_197' title='bbox 220 3567 359 3628; x_wconf 89' lang='lat' dir='ltr'>habitus</span> <span class='ocrx_word' id='word_1_198' title='bbox 378 3567 597 3630; x_wconf 88' lang='lat' dir='ltr'>benedicendi</span> <span class='ocrx_word' id='word_1_199' title='bbox 615 3571 650 3629; x_wconf 92' lang='lat' dir='ltr'>et</span> <span class='ocrx_word' id='word_1_200' title='bbox 669 3568 875 3646; x_wconf 90' lang='lat' dir='ltr'>scapularia,</span> <span class='ocrx_word' id='word_1_201' title='bbox 895 3567 1023 3646; x_wconf 87' lang='lat' dir='ltr'>illaque</span> <span class='ocrx_word' id='word_1_202' title='bbox 1040 3569 1246 3647; x_wconf 87' lang='lat' dir='ltr'>imponendi,</span> <span class='ocrx_word' id='word_1_203' title='bbox 1267 3586 1420 3647; x_wconf 88' lang='lat' dir='ltr'>coronas,</span> 
     </span>
     <span class='ocr_line' id='line_1_28' title="bbox 220 3665 1429 3748; baseline 0.001 -18"><span class='ocrx_word' id='word_1_204' title='bbox 220 3673 294 3746; x_wconf 76' lang='lat' dir='ltr'>etc,</span> <span class='ocrx_word' id='word_1_205' title='bbox 313 3669 446 3748; x_wconf 85' lang='lat' dir='ltr'>pariter</span> <span class='ocrx_word' id='word_1_206' title='bbox 461 3669 681 3731; x_wconf 88' lang='lat' dir='ltr'>benedicendi</span> <span class='ocrx_word' id='word_1_207' title='bbox 699 3670 800 3747; x_wconf 81' lang='lat' dir='ltr'>J&#39;uxta</span> <span class='ocrx_word' id='word_1_208' title='bbox 817 3670 1003 3732; x_wconf 88' lang='lat' dir='ltr'>facultates</span> <span class='ocrx_word' id='word_1_209' title='bbox 1022 3670 1066 3732; x_wconf 93' lang='lat' dir='ltr'>ad</span> <span class='ocrx_word' id='word_1_210' title='bbox 1085 3671 1272 3747; x_wconf 89' lang='lat' dir='ltr'>quamlibet</span> <span class='ocrx_word' id='word_1_211' title='bbox 1291 3665 1429 3732; x_wconf 64' lang='lat' dir='ltr'>Sodali?</span> 
     </span>
     <span class='ocr_line' id='line_1_29' title="bbox 220 3770 1421 3850; baseline 0.001 -18"><span class='ocrx_word' id='word_1_212' title='bbox 220 3774 328 3832; x_wconf 85' lang='lat' dir='ltr'>tatem</span> <span class='ocrx_word' id='word_1_213' title='bbox 361 3774 556 3848; x_wconf 88' lang='lat' dir='ltr'>spectantes</span> <span class='ocrx_word' id='word_1_214' title='bbox 589 3787 652 3849; x_wconf 91' lang='lat' dir='ltr'>pro</span> <span class='ocrx_word' id='word_1_215' title='bbox 685 3770 856 3832; x_wconf 91' lang='lat' dir='ltr'>similibus</span> <span class='ocrx_word' id='word_1_216' title='bbox 889 3771 1176 3849; x_wconf 89' lang='lat' dir='ltr'>impositionibus,</span> <span class='ocrx_word' id='word_1_217' title='bbox 1210 3776 1283 3848; x_wconf 76' lang='lat' dir='ltr'>etc,</span> <span class='ocrx_word' id='word_1_218' title='bbox 1318 3776 1421 3850; x_wconf 88' lang='lat' dir='ltr'>atque</span> 
     </span>
     <span class='ocr_line' id='line_1_30' title="bbox 220 3871 1422 3952; baseline -0.002 -18"><span class='ocrx_word' id='word_1_219' title='bbox 220 3873 362 3934; x_wconf 91' lang='lat' dir='ltr'>dubium</span> <span class='ocrx_word' id='word_1_220' title='bbox 387 3875 543 3935; x_wconf 84' lang='lat' dir='ltr'>exortum</span> <span class='ocrx_word' id='word_1_221' title='bbox 569 3872 617 3934; x_wconf 91' lang='lat' dir='ltr'>sit</span> <span class='ocrx_word' id='word_1_222' title='bbox 643 3873 735 3934; x_wconf 90' lang='lat' dir='ltr'>circa</span> <span class='ocrx_word' id='word_1_223' title='bbox 760 3871 957 3950; x_wconf 87' lang='lat' dir='ltr'>hujusmodi</span> <span class='ocrx_word' id='word_1_224' title='bbox 984 3873 1254 3950; x_wconf 85' lang='lat' dir='ltr'>designationem</span> <span class='ocrx_word' id='word_1_225' title='bbox 1280 3873 1422 3952; x_wconf 89' lang='lat' dir='ltr'>parochi</span> 
     </span>
     <span class='ocr_line' id='line_1_31' title="bbox 221 3973 1421 4052; baseline 0.002 -18"><span class='ocrx_word' id='word_1_226' title='bbox 221 3974 328 4037; x_wconf 87' lang='lat' dir='ltr'>libere</span> <span class='ocrx_word' id='word_1_227' title='bbox 345 3975 386 4035; x_wconf 93' lang='lat' dir='ltr'>D.</span> <span class='ocrx_word' id='word_1_228' title='bbox 405 3975 446 4035; x_wconf 88' lang='lat' dir='ltr'>N.</span> <span class='ocrx_word' id='word_1_229' title='bbox 465 3973 527 4035; x_wconf 89' lang='lat' dir='ltr'>Pio</span> <span class='ocrx_word' id='word_1_230' title='bbox 546 3975 612 4034; x_wconf 90' lang='grc' dir='ltr'>ΡΡ.</span> <span class='ocrx_word' id='word_1_231' title='bbox 634 3975 685 4034; x_wconf 89' lang='grc' dir='ltr'>ΙΧ</span> <span class='ocrx_word' id='word_1_232' title='bbox 704 3974 742 4034; x_wconf 90' lang='lat' dir='ltr'>in</span> <span class='ocrx_word' id='word_1_233' title='bbox 761 3974 949 4036; x_wconf 89' lang='lat' dir='ltr'>Audientia</span> <span class='ocrx_word' id='word_1_234' title='bbox 967 3973 1035 4037; x_wconf 89' lang='lat' dir='ltr'>diei</span> <span class='ocrx_word' id='word_1_235' title='bbox 1055 3975 1075 4035; x_wconf 92' lang='lat'>8</span> <span class='ocrx_word' id='word_1_236' title='bbox 1094 3975 1256 4037; x_wconf 70' lang='lat' dir='ltr'>ianuarii</span> <span class='ocrx_word' id='word_1_237' title='bbox 1277 3976 1368 4052; x_wconf 82' lang='lat'>1861,</span> <span class='ocrx_word' id='word_1_238' title='bbox 1386 3979 1421 4038; x_wconf 90' lang='lat' dir='ltr'>et</span> 
     </span>
     <span class='ocr_line' id='line_1_32' title="bbox 222 4073 1421 4156; baseline 0.001 -18"><span class='ocrx_word' id='word_1_239' title='bbox 222 4073 399 4138; x_wconf 80' lang='lat' dir='ltr'>Sanctitas</span> <span class='ocrx_word' id='word_1_240' title='bbox 426 4076 621 4154; x_wconf 89' lang='lat' dir='ltr'>derogando</span> <span class='ocrx_word' id='word_1_241' title='bbox 649 4076 806 4139; x_wconf 90' lang='lat' dir='ltr'>omnibus</span> <span class='ocrx_word' id='word_1_242' title='bbox 834 4078 1008 4155; x_wconf 76' lang='lat' dir='ltr'>hucusque</span> <span class='ocrx_word' id='word_1_243' title='bbox 1035 4079 1123 4139; x_wconf 87' lang='lat' dir='ltr'>hanc</span> <span class='ocrx_word' id='word_1_244' title='bbox 1151 4078 1421 4156; x_wconf 88' lang='lat' dir='ltr'>designationem</span> 
     </span>
     <span class='ocr_line' id='line_1_33' title="bbox 220 4177 1422 4258; baseline 0.003 -20"><span class='ocrx_word' id='word_1_245' title='bbox 220 4177 341 4255; x_wconf 87' lang='lat' dir='ltr'>quavis</span> <span class='ocrx_word' id='word_1_246' title='bbox 360 4177 570 4240; x_wconf 88' lang='lat' dir='ltr'>auctoritate</span> <span class='ocrx_word' id='word_1_247' title='bbox 588 4181 624 4240; x_wconf 92' lang='lat' dir='ltr'>et</span> <span class='ocrx_word' id='word_1_248' title='bbox 643 4178 762 4256; x_wconf 91' lang='lat' dir='ltr'>quovis</span> <span class='ocrx_word' id='word_1_249' title='bbox 781 4179 881 4240; x_wconf 93' lang='lat' dir='ltr'>modo</span> <span class='ocrx_word' id='word_1_250' title='bbox 901 4179 1004 4241; x_wconf 89' lang='lat' dir='ltr'>aliter</span> <span class='ocrx_word' id='word_1_251' title='bbox 1024 4180 1257 4258; x_wconf 76' lang='lat' dir='ltr'>praescriptis,</span> <span class='ocrx_word' id='word_1_252' title='bbox 1278 4180 1422 4258; x_wconf 88' lang='lat' dir='ltr'>benigne</span> 
     </span>
     <span class='ocr_line' id='line_1_34' title="bbox 221 4278 1420 4359; baseline 0.001 -19"><span class='ocrx_word' id='word_1_253' title='bbox 221 4278 368 4356; x_wconf 85' lang='lat' dir='ltr'>sanavit,</span> <span class='ocrx_word' id='word_1_254' title='bbox 394 4283 563 4357; x_wconf 88' lang='lat' dir='ltr'>quatenus</span> <span class='ocrx_word' id='word_1_255' title='bbox 590 4297 675 4355; x_wconf 75' lang='lat' dir='ltr'>opus</span> <span class='ocrx_word' id='word_1_256' title='bbox 701 4279 759 4357; x_wconf 90' lang='lat' dir='ltr'>sit,</span> <span class='ocrx_word' id='word_1_257' title='bbox 786 4281 874 4342; x_wconf 85' lang='lat' dir='ltr'>tales</span> <span class='ocrx_word' id='word_1_258' title='bbox 903 4280 1158 4358; x_wconf 87' lang='lat' dir='ltr'>designationes</span> <span class='ocrx_word' id='word_1_259' title='bbox 1185 4281 1420 4359; x_wconf 89' lang='lat' dir='ltr'>parochorum,</span> 
     </span>
     <span class='ocr_line' id='line_1_35' title="bbox 211 4382 1424 4461; baseline 0.001 -20"><span class='ocrx_word' id='word_1_260' title='bbox 211 4396 353 4442; x_wconf 86' lang='lat' dir='ltr'>necnon</span> <span class='ocrx_word' id='word_1_261' title='bbox 380 4384 458 4444; x_wconf 90' lang='lat' dir='ltr'>acta</span> <span class='ocrx_word' id='word_1_262' title='bbox 484 4399 546 4460; x_wconf 90' lang='lat' dir='ltr'>per</span> <span class='ocrx_word' id='word_1_263' title='bbox 571 4382 665 4460; x_wconf 91' lang='lat' dir='ltr'>ipsos</span> <span class='ocrx_word' id='word_1_264' title='bbox 691 4386 866 4460; x_wconf 89' lang='lat' dir='ltr'>tamquam</span> <span class='ocrx_word' id='word_1_265' title='bbox 894 4385 1052 4459; x_wconf 88' lang='lat' dir='ltr'>rectores,</span> <span class='ocrx_word' id='word_1_266' title='bbox 1078 4387 1114 4444; x_wconf 87' lang='lat' dir='ltr'>et</span> <span class='ocrx_word' id='word_1_267' title='bbox 1141 4383 1334 4461; x_wconf 88' lang='lat' dir='ltr'>adscriptos</span> <span class='ocrx_word' id='word_1_268' title='bbox 1363 4400 1424 4461; x_wconf 87' lang='lat' dir='ltr'>per</span> 
     </span>
    </p>
   </div>
   <div class='ocr_carea' id='block_1_8' title="bbox 255 4541 1386 4697">
    <p class='ocr_par' dir='ltr' id='par_1_8' title="bbox 255 4541 1386 4697">
     <span class='ocr_line' id='line_1_36' title="bbox 255 4541 675 4604; baseline -0.01 -8"><span class='ocrx_word' id='word_1_269' title='bbox 255 4545 414 4604; x_wconf 72' lang='lat' dir='ltr'>”Rescrlp</span> <span class='ocrx_word' id='word_1_270' title='bbox 433 4543 552 4595; x_wconf 87' lang='lat' dir='ltr'>authen.</span> <span class='ocrx_word' id='word_1_271' title='bbox 569 4553 598 4592; x_wconf 94' lang='lat' dir='ltr'>n.</span> <span class='ocrx_word' id='word_1_272' title='bbox 615 4541 675 4604; x_wconf 68' lang='lat'>189.</span> 
     </span>
     <span class='ocr_line' id='line_1_37' title="bbox 1353 4649 1386 4697; baseline 0 0"><span class='ocrx_word' id='word_1_273' title='bbox 1353 4649 1386 4697; x_wconf 80' lang='grc'>51</span> 
     </span>
    </p>
   </div>
   <div class='ocr_carea' id='block_1_9' title="bbox 0 0 1688 5170">
    <p class='ocr_par' dir='ltr' id='par_1_9' title="bbox 0 0 1688 5170">
     <span class='ocr_line' id='line_1_38' title="bbox 0 0 1688 5170; baseline 0 0"><span class='ocrx_word' id='word_1_274' title='bbox 0 0 1688 5170; x_wconf 95' lang='lat' dir='ltr'> </span> 
     </span>
    </p>
   </div>
  </div>
 </body>
</html>
