3336 5166
203 469 260 528 114
472 469 522 528 De
539 465 877 540 Ooojrotarnitota'boe
890 463 1132 526 ecelesiasticis

204 658 243 722 si
269 659 468 722 observetur
493 659 649 738 quaestio
674 659 810 722 ratione
835 660 955 722 habita
980 658 1071 740 juris
1097 659 1286 722 communis
1312 675 1403 725 anno

204 761 287 824 1⁷03
313 777 375 839 per
399 762 572 824 decretum
599 759 703 824 Urbis
729 765 765 824 et
792 761 894 824 Orbis
920 762 1121 840 introducti,
1150 761 1286 826 videtur
1312 762 1403 842 quod

203 864 379 928 Parochus
404 879 474 926 uon
499 863 625 928 habeat
650 863 707 942 ius
733 863 822 928 tales
847 863 1044 927 functiones
1070 863 1265 943 peragendi,
1292 863 1403 926 solum

203 966 337 1046 exigere
355 965 485 1045 poterit
503 966 593 1046 quod
612 968 754 1045 petatur
771 966 815 1029 ab
833 981 874 1030 eo
892 965 1073 1045 permissio
1092 965 1201 1028 relate
1219 966 1265 1028 ad
1284 965 1404 1030 horam

203 1072 239 1131 et
260 1068 397 1130 modum
420 1067 516 1147 ipsas
538 1068 734 1131 functiones
756 1067 988 1146 persolvendi3
1012 1071 1048 1130 et
1071 1067 1134 1132 hoc
1156 1068 1200 1132 ob
1222 1067 1303 1146 iura
1325 1066 1358 1130 ei
1382 1083 1404 1130 a

202 1170 389 1234 Benedicto
407 1171 494 1234 XIV
512 1169 695 1234 attributa

245 1273 293 1335 Et
311 1289 429 1336 revera
446 1271 544 1334 nulla
561 1273 667 1334 datur
684 1270 867 1350 dispositio
885 1270 1051 1334 canonica
1068 1287 1156 1350 quae
1173 1270 1328 1334 Parocho
1346 1269 1403 1350 jus

203 1375 360 1438 conterat
378 1373 592 1436 immiscendi
611 1391 648 1436 se
666 1373 704 1434 in
722 1371 1058 1435 administrationem
1077 1376 1114 1435 et
1131 1371 1281 1450 regimen
1300 1371 1404 1434 inter·

203 1494 286 1540 num
317 1475 662 1553 Contraternitatum,
693 1477 757 1538 aut
785 1473 993 1553 impediendi
1022 1473 1255 1537 executionem
1285 1489 1402 1536 eorum

178 1615 179 1622 κ
203 1595 290 1658 quae
314 1577 353 1640 in
376 1577 522 1646 statutis
546 1580 630 1639 sunt
654 1575 893 1655 determinata,
919 1592 1023 1654 quum
1050 1578 1186 1639 statuta
1211 1574 1404 1654 approbata

204 1681 336 1746 tuerint
357 1680 401 1743 ab
422 1679 593 1761 Episcopo
615 1678 674 1757 qui
696 1681 750 1741 est
771 1678 925 1740 Parocho
947 1676 1115 1758 superior,
1137 1681 1172 1740 et
1192 1693 1297 1756 quum
1321 1675 1404 1740 Gon-

202 1781 408 1846 iraternitas
447 1798 524 1844 cum
562 1779 715 1844 oratorio
753 1779 894 1860 proprio
932 1781 1047 1842 erecta
1085 1778 1133 1842 sit
1171 1778 1209 1841 in
1247 1777 1404 1842 Ecclesia

203 1884 395 1964 parochiali
417 1883 461 1947 ab
483 1883 654 1962 Episcopo
677 1899 753 1944 cum
777 1897 944 1944 consensu
966 1879 1124 1959 Parochi,
1147 1880 1207 1959 qni
1229 1879 1268 1942 in
1289 1879 1404 1944 dando

204 2002 371 2050 consensu
396 2001 461 2065 pro
488 1984 659 2048 erectione
684 1983 1003 2061 (lonicaternitatis,
1031 1982 1151 2048 debuit
1178 1985 1270 2045 certe
1296 1982 1403 2046 etiam

205 2087 399 2153 consentire
426 2086 517 2166 quod
543 2089 678 2149 statuta
705 2084 887 2164 ipsiusmet
913 2083 1223 2148 Contraternitatis
1250 2085 1403 2148 observa·

205 2194 327 2253 rentur
357 2189 507 2269 perfecte
535 2192 571 2252 et
600 2187 701 2266 iuxta
731 2187 868 2249 modum
898 2203 919 2249 a
946 2186 1079 2266 legibus
1108 2184 1282 2250 canonicis
1310 2203 1404 2266 prae·

203 2291 382 2369 scriptum.
1048 2331 1050 2338 ·

244 2394 275 2454 4.
297 2393 414 2472 Neque
434 2409 495 2471 per
516 2391 699 2456 Decretum
719 2407 800 2469 ergo
821 2390 926 2454 Urbis
947 2407 988 2454 or
1008 2390 1110 2453 Orbis
1132 2406 1248 2454 omnes
1269 2390 1404 2454 solutae

203 2499 286 2558 sunt
306 2493 523 2575 quaestiones
542 2494 714 2557 Parochos
735 2493 827 2556 inter
847 2497 883 2556 et
904 2491 1218 2557 Goniraternitates
1239 2491 1402 2572 agitatae.

205 2596 399 2661 solutiones
414 2612 493 2660 vero
506 2613 568 2676 per
581 2596 762 2659 laudatum
777 2581 959 2658 Decretum
974 2595 1076 2658 datas
1091 2594 1184 2658 hisce
1197 2594 1403 2658 concinnare

202 2716 378 2780 possemus
393 2698 695 2782 propositionibus,
709 2701 887 2776 sequentes
901 2696 939 2759 in
952 2697 1015 2759 hoc
1029 2695 1258 2760 clarissimum
1272 2695 1402 2758 Bouix:

247 2802 443 2882 Propositio
470 2800 597 2862 1⁰.-Si
624 2800 738 2863 dictae
765 2797 1079 2863 confraternitates
1106 2802 1240 2862 erectae
1266 2797 1338 2861 sint
1365 2798 1403 2858 in

202 2903 280 2982 ipsa
298 2903 441 2966 ecclesia
459 2902 659 2982 parochiali,
678 2903 731 2964 vel
749 2901 787 2964 in
805 2901 920 2980 aliquo
939 2900 1096 2965 aedificio
1114 2901 1222 2964 eidem
1241 2899 1404 2964 ecclesiae

204 3003 396 3084 parochiali
423 3022 567 3082 annexo,
596 3008 768 3083 nequeunt
798 3004 841 3067 ab
869 3003 914 3066 iis
943 3001 1299 3066 confraternitatibus
1327 3001 1401 3064 iun·

205 3106 336 3170 ctiones
353 3105 445 3170 ullae
460 3106 712 3170 ecclesiasticae
727 3105 855 3183 peragi,
873 3105 942 3168 nisi
957 3105 1189 3184 dependenter
1204 3122 1225 3166 a
1243 3105 1401 3182 parocho.

204 3207 350 3270 Constat
371 3207 434 3270 hoc
454 3225 496 3270 ex
517 3208 626 3272 allato
647 3209 783 3271 decreto
807 3208 909 3270 Urbis
929 3211 965 3272 et
987 3207 1100 3286 Orbis,
1118 3223 1160 3270 ex
1183 3206 1403 3287 responsione

203 3310 248 3374 ad
261 3309 403 3372 dubium
416 3311 435 3372 1
449 3313 484 3373 et
497 3310 527 3372 2.

246 3411 442 3489 Propositio
473 3411 600 3474 2⁰.-si
628 3410 908 3473 Contraternitas
936 3410 1065 3474 existat
1093 3410 1131 3472 in
1158 3409 1229 3472 alia
1258 3409 1401 3474 ecclesia

202 3530 305 3592 quam
333 3513 535 3593 parochiali,
564 3512 618 3575 vel
646 3513 684 3574 in
714 3512 829 3591 aliquo
859 3512 1011 3575 oratorio
1048 3512 1135 3589 (sive
1164 3512 1300 3592 publico
1330 3512 1403 3574 siva

203 3615 370 3694 privato),
390 3616 434 3678 ab
451 3614 594 3678 ecclesia
612 3614 802 3694 parochiali
820 3614 961 3694 ejusque
980 3613 1216 3694 dependentiis
1235 3614 1402 3693 seiuncto,

202 3721 348 3797 possunt
365 3717 633 3797 independenter
651 3735 673 3780 a
690 3717 839 3797 parocho
857 3717 895 3778 in
913 3716 1081 3796 ejusmodi
1098 3715 1241 3779 ecclesia
1260 3716 1313 3778 vel
1330 3732 1402 3779 ora·

203 3820 296 3884 torio
311 3818 620 3883 Genii-aternitatis
633 3834 693 3882 cae
707 3817 826 3898 peragi
840 3818 1035 3881 functiones
1051 3817 1303 3881 ecclesiasticae
1316 3834 1403 3897 quae

204 3938 274 3984 non
288 3924 371 3984 sunt
384 3920 608 4001 parochiales.
645 3921 749 3984 Patet
764 3939 806 3984 ex
822 3921 931 3983 citato
946 3920 1092 3998 decreto,
1110 3920 1189 3982 dub.
1217 3919 1273 3982 aet
1287 3922 1317 3982 4.

245 4023 442 4102 Propositio
478 4023 609 4085 3⁰.-In
646 4022 750 4085 dictis
786 4021 1121 4085 Ooniraternitatum
1158 4021 1322 4084 oratoriis
1358 4022 1402 4084 ab

202 4124 345 4187 ecclesia
364 4124 554 4203 parochiali
574 4123 750 4204 sejunctis,
769 4128 915 4202 possunt
935 4124 1076 4186 recitari
1095 4125 1199 4187 horae
1218 4123 1402 4186 canonicae

203 4243 279 4288 cum
304 4227 362 4289 ¹vel
389 4226 463 4290 sine
491 4231 607 4305 cantu,
636 4228 763 4305 absque
791 4227 864 4289 ulla
892 4225 1032 4304 parochi
1060 4225 1402 4289 licentia-Constat

204 4347 246 4393 ex
262 4329 378 4393 eodem
396 4329 532 4392 decreto
551 4327 704 4407 generali
720 4346 762 4392 ex
779 4345 867 4405 resp.
886 4328 931 4390 ad
949 4328 1027 4392 dub.
1048 4328 1098 4389 14.

7 4517 9 4524 Α
143 4422 146 4428 ’
246 4431 441 4508 Propositio
466 4431 598 4493 4⁶.-ln
621 4431 721 4492 modo
745 4429 850 4492 dictis
875 4429 1210 4492 confraternitatum
1238 4427 1402 4492 oratoriis

196 4549 264 4595 vseu
294 4532 455 4611 ecclesiis,
488 4533 652 4596 celebrari
683 4535 797 4610 potest
828 4532 934 4594 missa
965 4532 1113 4610 privata,
1146 4532 1402 4618 contradicente
