3336 5166
342 499 343 502 η
433 453 484 512 De
500 449 839 526 donfroteraitotibaa
852 447 1095 508 liceleaiaatios'a
1310 443 1366 503 115

167 649 328 728 parocho,
343 648 444 710 modo
459 647 628 710 assentiat
644 645 846 726 Episcopus.
883 646 1029 710 Constat
1044 663 1086 709 ex
1101 647 1217 709 eodem
1233 647 1369 708 decreto

168 752 253 814 anni
273 751 365 829 1703,
385 751 464 814 dub.
485 750 535 811 15.

212 853 409 930 Propositio
430 851 585 914 lia—dus
607 869 676 913 non
700 851 804 914 habet
826 851 1010 929 Parochus,
1034 849 1155 912 invitis
1179 847 1368 913 Ooniratri·

167 955 241 1033 bus,
264 954 456 1017 doctrinam
478 953 703 1016 christianam
726 953 870 1016 docendi
889 953 928 1014 in
949 951 1055 1015 dictis
1076 969 1192 1016 eorum
1213 951 1367 1014 ecclesiis

165 1075 227 1120 seu
243 1057 417 1134 oratoriis,
434 1057 477 1118 ab
493 1056 636 1119 ecclesia
652 1055 842 1135 parochiali
860 1055 991 1118 divisis.
1030 1054 1176 1117 Constat
1193 1071 1234 1116 ex
1251 1053 1367 1116 eodem

165 1161 312 1237 decreto,
329 1158 408 1222 dub.
425 1159 476 1220 17.
523 1169 526 1174 ·

210 1261 406 1340 Propositio
426 1261 557 1322 6⁰.--ln
578 1260 682 1322 dictis
702 1259 1022 1322 Goniraternitaum
1042 1258 1194 1322 aeclesiis
1214 1275 1274 1321 scu
1294 1274 1366 1320 ora-

165 1363 277 1444 toriis,
301 1379 323 1425 a
345 1361 535 1442 parochiali
558 1362 701 1425 ecclesia
724 1362 844 1424 divisis
868 1361 986 1424 haberi
1009 1365 1155 1439 possunt
1178 1360 1365 1437 conciones,

164 1465 271 1531 etiam
292 1482 354 1544 per
374 1469 486 1526 totum
508 1469 643 1543 tempus
665 1464 954 1542 Quadragesimaa
973 1468 1009 1526 et
1030 1464 1218 1542 Adventus,
1240 1463 1366 1541 absque

164 1567 308 1632 licentia
323 1567 474 1647 parochi,
490 1567 589 1628 modo
604 1566 774 1629 assentiat
789 1565 991 1645 Episcopus.
1028 1565 1117 1628 Duh.
1134 1565 1185 1628 18.

208 1670 405 1748 Propositio
435 1669 566 1732 7⁰.--In
594 1669 693 1729 modo
725 1668 828 1729 dictis
858 1667 1195 1730 Ooniraternitatum
1214 1665 1366 1730 ecclesiis

165 1788 226 1835 seu
250 1771 415 1834 oratoriis
438 1770 603 1832 celebrari
627 1770 746 1849 nequit
770 1769 886 1847 missa,
910 1770 981 1832 sive
1004 1770 1095 1832 lecta
1118 1770 1189 1832 sive
1213 1759 1365 1846 cantata,

166 1877 249 1935 ante
280 1872 510 1952 parochialem
541 1872 691 1949 missam,
722 1871 792 1934 sive
822 1874 946 1942 lectam
977 1871 1048 1933 sive
1078 1875 1266 1950 cantatam,
1296 1871 1366 1932 nisi

166 1975 271 2038 aliter
285 1975 448 2054 disponat
463 1973 664 2052 Episcopus.
701 1973 790 2036 Dub.
807 1973 857 2036 19.

210 2077 406 2154 Propositio
429 2075 617 2139 8⁰.-Intra
640 2075 807 2138 ambitum
830 2076 929 2138 modo
952 2075 1124 2137 dictarum
1146 2075 1366 2138 ecclesiarum

166 2183 202 2241 et
232 2178 474 2255 oratoriorum,
503 2181 649 2257 possunt
679 2177 993 2240 confraternitates
1022 2177 1255 2256 processiones
1285 2195 1366 2240 suas

167 2281 290 2359 iacere,
304 2281 430 2360 absque
442 2281 640 2342 interventu
653 2280 706 2342 vel
718 2279 861 2342 licentia
874 2279 1038 2342 Parochi:
1051 2279 1087 2341 id
1102 2295 1181 2341 vero
1195 2281 1367 2357 nequeunt

166 2387 277 2461 extra,
293 2383 421 2461 absque
437 2382 580 2447 licentia
597 2381 744 2445 Parochi
760 2398 822 2460 per
840 2381 939 2460 cujus
955 2381 1171 2444 territorium
1190 2383 1367 2463 transeun-

166 2486 249 2548 dum
265 2489 329 2562 est,
346 2483 415 2546 nisi
431 2483 473 2546 de
488 2483 630 2546 licentia
647 2483 819 2563 Episcopi.
858 2484 947 2546 Dub.
964 2483 1005 2544 21
1023 2486 1059 2545 et
1075 2482 1128 2544 22.

210 2587 407 2666 Propositio
429 2586 562 2648 9⁰.-In
583 2585 771 2665 praedictis
793 2585 1067 2663 processionibus
1090 2589 1205 2664 potest
1228 2583 1367 2662 Oappel·
1451 2643 1457 2652 ,

166 2689 269 2752 lanus
293 2688 427 2750 deterre
450 2688 585 2766 stolam,
610 2688 640 2750 si
665 2687 752 2750 fiant
775 2687 871 2750 intra
895 2687 1079 2750 ambitum:
1103 2703 1201 2750 secus
1225 2687 1256 2749 si
1281 2687 1368 2749 fiant

167 2795 277 2854 extra.
316 2791 405 2853 Dub.
422 2790 474 2852 23.
647 2829 649 2835 1

112 2915 115 2920 ¹
211 2892 408 2972 Propositio
430 2891 708 2970 ibt—Episcopo
730 2893 775 2953 ad
796 2891 967 2968 publicam
989 2890 1298 2954 Confraternitatis
1320 2907 1367 2952 ec-

168 2995 297 3056 clesian
313 2993 488 3057 accedenti
510 2993 663 3071 (etiamsi
678 2994 760 3056 haec
775 2993 917 3056 ecclesia
933 3009 1001 3054 non
1018 2993 1065 3056 sit
1080 2992 1290 3071 regularium
1306 3009 1368 3054 nec

169 3100 335 3159 rectorem
365 3095 603 3159 beneficiatum
630 3095 790 3173 habeat),
822 3112 891 3156 non
920 3094 1071 3174 pertinet
1101 3095 1145 3158 ad
1176 3095 1368 3158 Parochum

169 3197 399 3276 aspersorium
419 3196 602 3275 porrigere.
675 3196 764 3258 Dub.
784 3197 835 3258 24.

212 3300 409 3379 Propositio
430 3299 919 3378 11⁰.-NequitParochusex
940 3299 1013 3360 solo
1033 3298 1110 3378 jure
1129 3298 1369 3376 parochialita·

171 3403 228 3480 tis,
250 3402 586 3466 confraternitatum
609 3405 759 3463 rectores
779 3418 839 3463 seu
861 3400 1080 3478 cappellanos
1101 3401 1302 3478 compellere
1323 3401 1382 3475 ad,

171 3503 402 3567 assistendum
422 3503 585 3566 ecclesiae
607 3501 815 3582 parochialis
836 3503 1110 3579 processionibus
1131 3507 1167 3566 et
1186 3503 1368 3565 functioni-

170 3607 243 3668 bus.
282 3605 370 3668 Dub.
386 3606 437 3668 25.

212 3707 410 3786 Propositio
445 3707 596 3769 lie—In
631 3707 800 3784 praefatis
832 3707 1172 3771 Confraternitatum
1206 3706 1368 3782 ecclesiis,

172 3826 259 3888 quae
279 3826 341 3872 nec
360 3808 574 3888 parochiales
593 3813 675 3872 sunt
695 3826 757 3872 nec
778 3809 963 3888 regulares,
984 3809 1127 3872 retineri
1148 3809 1267 3887 nequit
1288 3810 1369 3871 San·

171 3911 363 3974 ctissimum
382 3910 623 3973 Eucharistiae
644 3911 902 3973 Sacramentum
924 3913 1049 3990 absque
1071 3911 1213 3988 speciali
1232 3912 1368 3985 indulto

172 4010 270 4074 Sedis
303 4011 531 4091 Apostolicae.
585 4013 774 4091 Responsio
807 4013 852 4077 ad
885 4014 963 4077 dub.
997 4014 1048 4076 26.
1101 4014 1369 4092 Praesupposito

171 4118 286 4178 autem
308 4115 402 4178 dicto
422 4115 563 4193 speciali
584 4115 731 4193 indulto,
753 4131 822 4176 non
844 4119 958 4195 potest
980 4115 1137 4195 publicae
1157 4115 1369 4178 venerationi

170 4217 293 4296 exponi
309 4217 384 4279 sine
399 4217 541 4279 licentia
557 4215 745 4280 Ordinarii.
782 4217 970 4296 Responsio
988 4218 1032 4280 ad
1049 4217 1128 4278 dub.
1145 4215 1197 4279 27.

213 4318 411 4398 Propositio
425 4318 659 4397 lae-Nequit
673 4319 847 4380 Parochus
861 4336 934 4380 sese
947 4319 1102 4396 ingerere
1115 4318 1151 4378 in
1165 4318 1369 4380 adminstra-

170 4421 298 4484 tionem
321 4420 534 4485 oblationum
555 4422 609 4482 vel
630 4423 929 4500 eleemosynarum,
951 4421 989 4482 in
1011 4420 1115 4482 dictis
1139 4420 1370 4484 Ooulraterni·

173 4527 286 4586 tatum
306 4522 460 4586 ecclesiis
480 4541 541 4586 seu
561 4522 724 4587 oratoriis
746 4522 966 4584 collectarum
986 4538 1049 4585 nec
1069 4523 1180 4585 claves
1201 4522 1370 4600 capsulae,

172 4624 292 4704 inqua
307 4625 532 4704 recipiuntur,
548 4624 706 4687 retinere.
743 4625 843 4703 Resp.
859 4625 904 4686 ad
919 4625 998 4687 dub.
1014 4623 1066 4687 28.
