3336 5166
238 402 294 460 112
506 404 557 462 Do
573 403 912 476 Ooajroterattottbae
925 404 1168 462 Ecclesiasticie

280 597 335 659 lix
352 594 553 676 supradicto
570 596 715 659 Decreto
735 596 769 659 S.
788 598 827 659 R.
848 596 1131 675 Gongregationis
1149 613 1281 658 necnon
1299 614 1341 659 ex
1359 595 1439 659 aliis

241 698 470 762 decisionibus
492 716 513 760 a
538 698 654 761 Sacris
679 687 1009 777 congregationibus
1034 699 1204 761 emanatis
1227 702 1325 776 patet
1349 699 1438 777 quod

239 799 311 864 sint
329 800 446 863 stricti
460 799 550 879 jnris
568 799 776 878 parochialis
794 805 972 880 sequentes
990 801 1202 864 functiones:

288 903 341 979 (o)
368 904 569 966 Benedictio
590 905 700 984 tontis
724 904 950 982 baptismalia
995 904 1084 965 Nam
1105 904 1150 965 ad
1172 902 1314 965 dubium
1336 901 1439 965 relati

239 1005 378 1068 Decreti
399 1006 626 1086 respondetur
646 1006 782 1086 quidem
803 1005 901 1068 illam
920 1005 1190 1068 benedictionem
1212 1023 1281 1066 non
1303 1022 1376 1068 esse
1398 1007 1439 1068 de

238 1109 375 1187 toribus
398 1126 488 1170 mere
510 1109 785 1187 parochialibas;
807 1108 867 1170 sed
890 1107 1034 1170 additur
1054 1108 1153 1170 ittam
1174 1107 1252 1186 fieri
1275 1107 1395 1170 debere
1418 1123 1441 1168 o

238 1211 417 1290 parocbir3
441 1227 529 1288 quae
552 1227 649 1272 vocas
672 1210 762 1273 idem
789 1213 925 1289 sonant,
951 1226 992 1272 ac
1016 1209 1048 1272 si
1073 1226 1231 1289 expresse
1257 1209 1439 1288 diceretur,

240 1313 410 1391 eiusmodi
437 1312 706 1376 benedictionem
735 1330 809 1375 esse
836 1314 882 1375 ad
910 1312 1124 1391 parochiales
1152 1311 1328 1374 funtiones
1356 1311 1439 1374 rete

240 1415 390 1477 rendam.

288 1517 341 1594 (a)
363 1501 562 1579 'oeooraao
594 1517 721 1578 marae
754 1517 915 1579 aremare
945 1517 1037 1596 seru
1069 1517 1100 1578 v
1131 1515 1277 1595 napos
1308 1515 1440 1578 nera-

239 1622 368 1681 modoe.
406 1601 495 1681 llam
512 1620 557 1681 ad
572 1617 714 1681 dubium
729 1619 822 1681 VIII
839 1620 1075 1698 respondetur,
1093 1617 1196 1696 huius
1214 1618 1343 1680 Missae
1359 1617 1439 1680 cele

238 1722 431 1785 brationem
451 1739 520 1783 non
541 1738 615 1783 esse
635 1721 771 1799 quidem
794 1721 836 1783 de
857 1721 993 1799 juribus
1013 1720 1278 1799 parochialibus,
1302 1721 1362 1782 sed
1384 1719 1440 1782 ad-

239 1823 335 1884 ditur
349 1824 447 1884 illem
461 1827 616 1900 spectare
629 1825 674 1885 ad
688 1825 864 1901 parochos.

288 1924 338 2000 (c)
367 1924 521 2002 Officium
560 1926 704 2004 funebre
746 1942 849 2003 super
890 1925 1112 1989 cadaveribus
1152 1925 1439 2004 parochianorum

240 2027 444 2105 sepeliendis
466 2027 504 2087 in
527 2027 669 2090 ecclesia
694 2027 885 2104 parochiali
906 2026 960 2090 vel
982 2027 1019 2088 in
1042 2027 1206 2092 oratoriis
1230 2025 1378 2104 publicis
1401 2026 1440 2088 in

237 2128 415 2190 territorio
434 2129 587 2207 eiusdem
606 2128 784 2208 paroeciae
803 2129 1040 2192 existentibus.
1082 2128 1229 2192 Constat
1248 2130 1310 2192 hoc
1329 2146 1372 2193 ex
1391 2145 1439 2192 re

238 2248 363 2309 sponso
378 2233 422 2293 ad
438 2231 578 2294 dubium
594 2231 635 2293 20
649 2232 751 2294 citati
766 2232 904 2310 decreti,
920 2249 987 2310 quo
1002 2231 1174 2295 statuitur
1188 2230 1334 2294 officium
1349 2230 1436 2293 illud

238 2335 283 2395 ad
319 2333 504 2412 parochum
540 2337 705 2412 spectare,
742 2335 878 2414 quoodo
914 2335 1138 2396 tumulandos
1174 2338 1227 2396 eet
1263 2334 1439 2412 subjectas
1504 2330 1506 2334 ’

239 2436 502 2515 parochitana
518 2437 617 2515 cajus
631 2438 717 2516 fiaes
733 2441 786 2498 eat
802 2437 944 2500 ecclesio
961 2438 1014 2498 oet
1033 2437 1232 2498 oratorium.

280 2539 323 2599 In
347 2538 440 2600 hisce
463 2555 543 2616 ergo
568 2539 804 2600 functionibus
831 2539 1145 2601 Contraternitates
1170 2537 1258 2626 nihil
1283 2539 1439 2616 possunt.

279 2641 309 2703 2.
332 2642 409 2702 Non
425 2643 509 2703 sunt
523 2658 602 2703 vero
619 2641 879 2720 comprehensae
895 2641 988 2704 inter
1002 2641 1198 2703 functiones
1215 2639 1439 2719 parochiales,

239 2743 382 2822 ideoque
400 2761 469 2806 non
489 2747 571 2808 sunt
588 2743 705 2806 stricti
723 2743 812 2821 juris
829 2743 1040 2819 parochalis:

287 2846 340 2922 (a)
369 2845 577 2908 Functiones
598 2846 840 2908 Hebdomadas
862 2845 1016 2924 Maioris,
1038 2845 1189 2923 exceptis
1210 2843 1439 2923 supradictis;

287 2948 340 3025 (b)
368 2948 628 3010 Benedictiones
644 2947 825 3010 mulierum
840 2951 919 3026 post
932 2950 1082 3025 partum.
1118 2946 1281 3022 Quamvis
1296 2946 1440 3009 enimin

238 3050 381 3112 laudato
400 3050 545 3112 Decreto
560 3050 752 3112 benedictio
770 3050 948 3129 puerperis
965 3047 1194 3129 impertienda
1211 3049 1441 3128 reputabatur

238 3155 414 3230 tamquam
447 3153 581 3214 iunctio
614 3153 833 3231 parochialis,
866 3156 906 3214 ut
939 3155 1037 3230 patet
1068 3169 1109 3214 ex
1143 3150 1373 3230 responsione·
1394 3150 1441 3213 ad

172 3318 174 3321 ,
240 3253 381 3316 dubium
406 3255 468 3331 VI,
494 3254 705 3316 contrarium
730 3257 846 3317 tamen
871 3257 991 3332 postea
1016 3254 1229 3317 declaratum
1254 3252 1441 3315 invenitur.

239 3357 287 3418 Et
303 3356 340 3440 in
356 3355 586 3418 Derthonensi
602 3357 623 3417 'l
639 3354 834 3418 Decembris
850 3356 942 3433 1720,
960 3357 1004 3418 ad
1020 3354 1162 3418 dubium
1178 3372 1244 3434 quo
1261 3355 1441 3434 quaereba-

241 3462 301 3522 tur
320 3459 366 3520 ad
385 3476 483 3537 quem
503 3461 676 3536 spectaret
694 3457 750 3535 jus
771 3456 992 3520 benedicendi
1013 3475 1209 3535 puerperas,
1231 3456 1337 3519 Sacra
1358 3455 1441 3518 Oon·

240 3560 394 3638 gregatio
416 3559 561 3622 Concilii
580 3576 738 3638 expresse
757 3558 955 3637 declaravit,
975 3577 1047 3622 ease
1066 3561 1105 3621 ta
1125 3561 1283 3622 libertate
1302 3575 1441 3637 puerpe-

239 3681 358 3725 rarum
383 3663 540 3725 oecedere
566 3665 611 3724 od
636 3679 879 3740 quamcumque
904 3663 1080 3724 ecetesiam
1105 3663 1172 3724 sibi
1196 3659 1440 3724 beneplacitam

241 3765 355 3826 Aliam
374 3765 411 3825 111
431 3765 521 3826 hunc
542 3782 678 3826 sensum
698 3764 848 3842 ejusdem
870 3764 1154 3842 congregationis
1174 3763 1440 3826 declarationem

169 3885 171 3890 ·
241 3867 324 3930 anni
343 3867 436 3943 1708,
455 3867 597 3929 adducit
615 3866 804 3929 Giraldi.¹⁰⁰
846 3866 969 3929 Stante
986 3883 1066 3944 ergo
1085 3867 1149 3929 hac
1168 3864 1440 3928 declarationum

241 3967 497 4047 contrarietate,
520 3969 602 4048 quid
624 3969 846 4031 decidendum
869 3969 926 4046 sit,
949 3968 1160 4030 doctioribus
1182 3984 1235 4029 me
1256 3967 1442 4045 expenden-

241 4073 321 4134 dum
336 4071 501 4149 relinquo.

290 4173 340 4250 (c)
368 4173 627 4236 Benedictiones
659 4177 694 4235 et
723 4172 985 4235 distributiones
1016 4172 1246 4247 candelarum,
1277 4171 1440 4243 cinerum,

242 4276 445 4354 palmarum,
479 4274 580 4354 ignis,
616 4293 755 4337 ovorum
791 4278 826 4337 et
862 4274 1044 4351 similium3
1080 4274 1164 4336 item
1199 4271 1443 4334 Hebdomadae

275 4426 484 4476 ¹⁸·'l'hesaurus
500 4421 736 4475 Resolutlonum‚
751 4421 821 4469 tom.
839 4418 863 4473 1,
881 4429 945 4474 pag.
964 4415 1023 4466 299.
1072 4407 1075 4412 '

276 4491 687 4551 ³”Giraldh-Addltementa
709 4487 747 4539 ad
769 4486 940 4543 Barbosam,
964 4486 1007 4536 De
1030 4483 1129 4536 Officio
1152 4483 1287 4540 Perochl,
1311 4494 1373 4542 cap.
1397 4481 1441 4537 12,

241 4575 270 4616 n.
291 4563 334 4614 12.
