3336 5166
727 635 876 699 OAPUr
896 637 951 698 XI

453 802 496 847 nr
519 801 762 848 rnrumrnrns
785 771 1143 850 conrrsrnunrrsrum

441 920 519 982 Art.
535 919 660 981 l.—De
678 921 777 982 modo
794 921 971 984 obtinendi
988 922 1240 1002 Indulgentiae.

286 1037 424 1099 Erectio
443 1037 607 1099 canonica
626 1055 688 1116 per
706 1055 742 1100 se
760 1054 830 1099 non
848 1038 983 1116 sufficit,
1002 1043 1043 1102 ut
1065 1038 1343 1102 Oouirabernitas
1364 1056 1442 1118 gau·

243 1139 324 1202 deat
340 1139 576 1216 indulgentiis.
612 1139 719 1202 Aliud
734 1144 788 1202 est
802 1141 892 1202 enim
908 1145 1024 1204 actum
1039 1159 1099 1203 seu
1115 1142 1289 1204 decretum
1304 1142 1442 1206 erectio·

243 1240 308 1318 nis,
334 1244 370 1305 et
394 1241 491 1303 aliud
515 1241 731 1319 indulgentia
757 1258 817 1304 seu
843 1243 1014 1306 concessio
1040 1243 1344 1322 indulgentiarum.
1392 1245 1442 1307 Ut

241 1342 359 1421 aliqua
372 1360 453 1422 ergo
469 1342 747 1406 Gontraternitas
762 1345 988 1423 indulgentiis
1004 1346 1077 1408 trui
1092 1346 1212 1425 possit,
1229 1362 1364 1409 necesse
1378 1349 1442 1424 est,

241 1449 282 1507 ut
301 1446 366 1508 bae
382 1445 615 1509 obtineantur.
656 1447 800 1525 Triplici
819 1463 898 1508 vero
917 1447 1016 1509 modo
1036 1448 1273 1526 indulgentiae
1292 1447 1442 1512 obtineri

241 1551 403 1627 possunt:
422 1548 476 1610 vel
495 1545 533 1608 1⁰
555 1565 617 1628 per
635 1549 783 1628 speciale
801 1549 974 1612 decretum
994 1567 1054 1612 sen
1075 1549 1191 1629 potius
1210 1550 1384 1614 indultum
1407 1549 1442 1614 S.

243 1649 358 1728 Sedis3
377 1651 431 1715 vel
448 1648 487 1712 2⁰
507 1651 542 1712 vi
561 1651 798 1730 dispositionis
816 1652 987 1730 generalis
1005 1652 1116 1731 ipsius
1136 1652 1170 1714 S.
1192 1651 1308 1731 Sedis3
1328 1653 1381 1715 vel
1400 1647 1438 1716 3⁰

241 1753 386 1832 denique
399 1770 462 1832 per
474 1753 750 1832 aggregationem
765 1753 871 1816 alicui
885 1754 1275 1817 Archicontraternitati
1289 1754 1441 1833 eiusdem

240 1854 389 1917 nominis
404 1860 440 1918 et
455 1854 623 1918 instituti.

290 1973 343 2049 (o)
370 1973 612 2051 Indulgentiae
630 1973 789 2035 obtentae
805 1991 867 2052 per
881 1975 1028 2051 speciale
1044 1974 1220 2036 indultam
1237 1974 1272 2036 S.
1290 1974 1399 2036 Sedis.

262 2161 263 2164 Ἴ
281 2090 464 2153 Habentur
473 2090 711 2168 indulgentiae
721 2108 782 2169 per
792 2091 939 2170 speciale
949 2091 1124 2154 indultum
1138 2091 1171 2154 S.
1185 2091 1293 2170 Sedis,
1305 2092 1442 2172 quando

241 2191 319 2271 ipsa
346 2191 625 2255 Confraternitas
652 2211 713 2269 seu
741 2191 916 2256 Sodalitas
943 2195 1106 2257 canonice
1133 2200 1257 2274 erecta,
1285 2197 1442 2274 postulat

241 2293 370 2356 directe
393 2312 414 2356 a
439 2294 472 2356 S.
498 2293 584 2357 Sede
606 2296 850 2374 indulgentias.
897 2297 940 2359 In
964 2297 1113 2376 supplici
1136 2297 1252 2359 libello
1277 2299 1321 2360 ad
1348 2298 1441 2360 Sum·

241 2413 332 2458 mum
361 2396 562 2459 Pontificem
591 2397 722 2460 directo
749 2397 897 2461 indicari
924 2403 1070 2478 possunt
1098 2400 1303 2479 praecipuae
1331 2400 1441 2463 indul·

240 2499 386 2577 gentiae,
414 2517 499 2578 quas
530 2498 706 2563 Sodalibus
735 2501 859 2562 habere
887 2500 1070 2580 desiderat,
1101 2505 1136 2564 et
1165 2501 1369 2580 consulitur,
1399 2504 1440 2564 ιιι

240 2602 418 2680 praedicta
431 2599 606 2664 Sodalitas
618 2602 657 2663 in
669 2602 865 2680 huiusmodi
877 2602 1045 2683 petitione
1057 2608 1180 2667 utatur
1192 2621 1295 2683 opera
1308 2602 1441 2683 proprii

240 2702 429 2766 Ordinarii.
1246 2775 1249 2780 .

282 2805 634 2868 Animadvertendum
660 2809 714 2868 est
739 2810 865 2885 autem,
891 2807 982 2885 quod
1008 2807 1245 2886 indulgentiae
1270 2824 1357 2886 quae
1382 2805 1441 2867 im-

241 2908 388 2970 mediate
406 2926 428 2971 a
447 2907 575 2970 Sancta
597 2907 682 2971 Sede
701 2907 949 2987 obtineretnur,
968 2910 1085 2972 nullae
1104 2911 1228 2989 forent,
1249 2911 1280 2973 si
1300 2910 1441 2974 Confra-

240 3009 389 3072 ternitas
417 3011 487 3089 jam
518 3011 607 3074 alias
634 3010 869 3089 indulgentias
897 3012 1064 3089 receperit
1093 3012 1164 3074 sive
1193 3029 1254 3090 per
1282 3021 1441 3092 aggrega·

240 3112 369 3174 tionem
399 3113 505 3175 alicui
536 3112 935 3192 Archiconlraternitati,
966 3112 1039 3176 sivo
1069 3131 1131 3194 per
1160 3115 1365 3178 erectionem
1395 3115 1439 3178 ab

240 3215 356 3294 aliquo
384 3213 566 3294 Superiora
592 3214 733 3278 Ordinis
758 3215 898 3278 iactam.
947 3216 1056 3278 Immo
1083 3215 1371 3296 Confraternitas,
1398 3217 1441 3279 de

239 3335 308 3397 qua
330 3315 457 3396 agitur,
480 3317 630 3380 obtentis
654 3318 782 3381 directe
806 3336 827 3383 a
849 3317 979 3382 Sancta
1003 3317 1088 3381 Sede
1111 3318 1347 3397 indulgentiis,
1372 3336 1441 3381 non

239 3424 354 3500 potest
389 3420 537 3499 amplius
573 3421 963 3484 Archirontraternitati
998 3421 1188 3500 aggregari,
1225 3421 1309 3500 quin
1344 3421 1439 3484 illico

241 3523 384 3586 amittat
409 3523 644 3600 indulgentias
671 3540 732 3600 per
757 3523 905 3601 speciale
932 3523 1105 3585 indultum
1132 3525 1300 3586 obtentas.
1339 3521 1440 3585 ¹Hinc

239 3627 292 3686 est
312 3626 402 3703 quod
421 3625 459 3686 in
479 3625 656 3704 Brevibus‚
676 3624 800 3704 quibus
821 3624 1022 3703 Apostolica
1044 3625 1147 3688 Sedes
1168 3624 1440 3689 Contraternita·

239 3727 333 3790 tibus
347 3727 481 3790 noviter
494 3728 618 3790 erectis
630 3727 807 3806 praelatas
822 3727 992 3806 elargitur
1005 3727 1250 3806 indulgentias,
1265 3727 1440 3790 ordinarie

241 3847 384 3909 sequens
402 3829 589 3908 apponitur
606 3829 779 3892 clausula:
796 3835 798 3838 ’

281 3931 341 3994 “Si
364 3932 459 3994 dicta
481 3923 760 3995 Oonlrateruitas
783 3931 888 3995 alicui
911 3931 1301 3994 Archiconiraternitati
1326 3948 1440 4010 aggre

239 4038 321 4114 gata
333 4033 404 4114 jam
416 4033 474 4112 sit,
486 4034 540 4096 vel
552 4034 589 4095 in
601 4037 776 4113 posterum
790 4037 1003 4113 aggregetur,
1016 4051 1077 4096 seu
1087 4033 1207 4112 quavis
1221 4033 1292 4097 alia
1305 4033 1440 4098 ratione

239 4136 392 4216 uniatur,
409 4136 462 4199 vel
478 4135 583 4199 etiam
598 4135 850 4216 quomodolibet
866 4136 1084 4214 instituatur,
1101 4134 1233 4214 priores
1249 4139 1284 4198 et
1299 4135 1439 4214 quaevis

241 4237 331 4303 oliae
349 4237 504 4303 Litterae
523 4238 744 4317 Apostolicae
763 4239 818 4299 illi
837 4237 1035 4302 nullatenus
1055 4237 1298 4315 suffragentur,
1318 4238 1379 4300 sed
1398 4254 1439 4299 ex

240 4343 324 4403 tunc
339 4359 379 4404 eo
392 4341 468 4419 ipso
484 4358 625 4418 prorsus
641 4340 758 4403 nullae
771 4339 916 4402 ιίιιι.””9
1079 4325 1081 4328 ’

273 4495 302 4522 ¹⁸⁹
311 4492 426 4544 Deerat
436 4488 518 4542 auth.
528 4500 557 4540 n.
568 4487 610 4546 48,
621 4485 691 4538 dato
709 4485 758 4537 dle
776 4484 792 4538 8
810 4483 884 4544 Mali
903 4483 981 4536 1713.

1353 4589 1401 4642 121
