3340 5170
516 459 567 516 De
585 457 924 531 Ooutrotcmitotibos
940 457 1183 515 Ecclesiasticio
1422 455 1460 512 41

259 649 395 728 oppido,
423 649 495 712 situ
523 655 558 713 et
586 652 723 717 nomine
751 654 795 716 ab
824 653 904 716 aliia
933 655 1109 734 distincto,
1138 655 1223 720 adeo
1253 659 1294 718 ut
1322 653 1360 716 in
1390 671 1458 718 uno

259 753 441 830 eodemque
459 753 646 832 municipio
666 755 783 833 plures
802 755 955 834 ejusdem
975 757 1123 819 nomInic
1143 762 1178 820 et
1197 757 1355 820 instituti
1376 757 1458 820 (lon-

258 854 499 917 fraternitates
518 855 606 934 erigi
624 856 782 935 possint?

301 955 335 1019 S.
355 956 582 1035 congregatio
600 958 794 1037 respondit:
813 959 1036 1040 Afficmutive,
1055 961 1237 1023 dummodo
1253 961 1293 1022 ia
1311 977 1457 1039 unoquo·

258 1073 321 1136 poe
339 1059 464 1136 oppido
482 1061 650 1121 doleatur
667 1061 772 1122 etium
787 1061 931 1140 proprio
946 1062 1115 1140 poroooio.
1127 1061 1154 1096 ⁸⁸

300 1159 367 1222 Sed
390 1159 473 1238 quid
496 1161 676 1222 dIcendum
700 1162 742 1224 de
765 1163 898 1240 magnis
921 1163 1146 1226 civitatibus?
1189 1165 1383 1226 Possuntne
1406 1163 1455 1226 ibi

256 1263 373 1340 plures
400 1262 714 1326 Oontraternitates
742 1264 894 1343 eJusdem
921 1264 1070 1326 nominis
1097 1269 1133 1328 et
1160 1265 1317 1328 instituti
1345 1265 1456 1343 erigi?
1525 1345 1526 1348 Ἴ
1617 1275 1621 1292 ’

250 1363 407 1426 Dubium
421 1363 483 1426 hoc
498 1364 712 1443 propositum
727 1366 797 1427 fuit
812 1367 1010 1428 solvendum
1025 1367 1203 1445 praefatae
1219 1367 1252 1430 S.
1268 1367 1455 1445 Oongrega·

255 1465 344 1528 ttoni
363 1466 663 1544 Indulgeniturum
682 1467 774 1529 hince
791 1467 919 1530 verbis:
959 1468 1017 1530 Aa
1033 1469 1073 1530 iu
1091 1469 1225 1548 maguis
1245 1469 1455 1546 civitatibus,

254 1585 340 1646 quoe
351 1585 456 1630 acuam
468 1573 605 1630 tontum
617 1570 834 1632 couctc'touut
848 1570 1147 1648 Commonitotem,
1158 1572 1274 1649 plores
1287 1571 1455 1632 citatoru-

256 1687 322 1732 uos
354 1670 441 1749 erigi
471 1671 607 1748 possint
639 1671 792 1748 ejusdem
822 1672 970 1734 nominis
1003 1677 1038 1733 et
1070 1672 1228 1734 iuuentuti
1261 1671 1454 1752 donfroter·

251 1771 408 1834 ¹m'totecf

296 1873 343 1934 Et
365 1872 472 1936 Sacra
494 1872 722 1952 Gongregatio
743 1875 938 1953 respondit:
982 1875 1160 1954 Nepotioe,
1181 1877 1241 1938 aed
1263 1875 1454 1953 supplicue·

256 1977 336 2037 dom
359 1975 478 2052 Sdmo,
499 1979 539 2036 ut
562 1977 755 2054 derogando
777 1977 816 2037 in
838 1978 902 2038 Iuoc
923 1980 1023 2054 porte
1048 1977 1298 2038 coustitutum?
1320 1994 1368 2039 co.
1392 1995 1453 2038 mc.

255 2077 440 2140 clementis
460 2077 562 2157 VIII,
579 2094 666 2155 quoe
683 2079 809 2157 iuprc't
829 2079 1076 2158 Quaecumque,
1096 2081 1291 2142 Ordinorite
1311 2082 1453 2159 beccique

254 2179 405 2241 tribuere
432 2179 593 2258 ‹ltpnetcur
619 2179 822 2258 fucultatem
847 2180 1051 2258 providendi
1075 2199 1138 2260 pro
1165 2199 1281 2244 eorum
1307 2184 1453 2244 uroltrio

254 2285 289 2343 et
308 2281 494 2358 prudentio
512 2281 553 2342 io
571 2281 718 2360 conpote
739 2281 887 2359 coelus,
904 2287 1042 2344 corvata
1063 2287 1178 2344 tomen
1197 2283 1236 2344 io
1257 2284 1453 2361 huiuamodi

254 2382 482 2446 erectionibus
503 2383 729 2460 conmutato,
748 2400 865 2445 eorum
884 2383 1026 2464 sudleie,
1045 2385 1224 2447 distentio.

297 2483 456 2546 Summus
482 2484 645 2546 Pontifex
669 2484 736 2546 Leo
762 2485 857 2545 XIII
884 2485 1095 2563 postulatam
1120 2486 1334 2564 facultatem,
1350 2488 1453 2550 *dero

253 2587 365 2664 gando
379 2586 629 2649 Constitutioni
644 2587 890 2666 Quaecumque,
902 2587 1047 2665 benigne
1060 2588 1256 2651 ordinariis
1270 2590 1452 2652 concedere

252 2687 416 2764 diguatus
433 2687 536 2776 est⁸l
673 2749 674 2752 ,
927 2741 928 2749 ,

295 2790 407 2851 Hodie
419 2790 536 2868 itaque
548 2789 586 2849 in
598 2789 684 2851 locis
698 2790 922 2852 distinctum
936 2791 1038 2852 estin
1052 2791 1228 2853 distinctis
1242 2792 1452 2870 civitatibus,

252 2891 399 2970 oppidis,
410 2891 509 2970 pagis
520 2894 584 2953 etc,
596 2891 634 2952 in
646 2892 769 2970 quibus
783 2893 969 2970 respective
982 2894 1127 2956 habetur
1140 2896 1299 2973 paroecia
1311 2897 1452 2976 propria

251 3011 294 3056 ac
308 2993 483 3072 distincto,
498 2993 584 3071 erigi
599 2997 744 3072 possunt
760 2994 1070 3058 Confraternitates
1086 2995 1237 3074 ejusdem
1254 2997 1401 3061 morinis
1415 3007 1451 3063 et

244 3094 412 3172 instituti,
425 3096 492 3158 atsi
503 3111 574 3158 ooo
586 3097 684 3158 leoco
693 3112 762 3158 ocu
774 3097 905 3160 distant
917 3100 959 3159 ab
971 3098 1128 3177 toracem,
1137 3103 1173 3162 et
1185 3101 1297 3179 quoad
1309 3115 1452 3178 magnes

251 3197 420 3276 ciuitates,
444 3198 528 3260 data
551 3201 605 3263 est
629 3198 816 3278 respective
840 3199 1036 3262 Ordinariis
1060 3200 1222 3280 facultas,
1247 3219 1310 3281 pro
1334 3219 1451 3265 eorum

252 3298 398 3362 arbitrio
423 3303 458 3362 et
484 3299 671 3378 prudentie
694 3300 733 3362 in
759 3300 905 3378 siugulis
932 3301 1142 3380 civitatibus,
1169 3303 1316 3382 oppidis,
1342 3303 1450 3383 pagis,

250 3404 324 3479 etc„
346 3402 461 3480 plures
483 3419 615 3480 quoque
635 3419 677 3464 ex
697 3402 801 3464 dicti·
823 3402 1178 3470 confraternitatibus
1199 3407 1363 3486 erigendi,
1386 3425 1450 3470 ser-

249 3507 332 3565 vata
352 3503 390 3565 in
409 3503 606 3582 hujusmodi
627 3504 856 3572 erectIonibus
878 3506 1102 3586 convenienti,
1126 3509 1312 3570 secuudum
1334 3526 1450 3572 eorum

249 3605 416 3686 iodicium
433 3606 612 3669 distantia.
1393 3653 1396 3660 .

242 3730 247 3740 ·
293 3707 700 3770 II.-Oonfraternitates
730 3707 817 3786 erigi
847 3708 972 3771 debent
1002 3710 1045 3772 de
1075 3726 1242 3774 consensu
1273 3713 1447 3792 Episcopi,

256 3810 351 3886 (nam
372 3807 533 3872 Vicarius
555 3807 768 3888 Capitularis
789 3809 888 3872 debet
910 3827 946 3872 se
968 3811 1011 3872 ab
1032 3811 1077 3874 iis
1098 3813 1279 3891 erigendis
1302 3814 1356 3876 uti
1377 3815 1448 3893 jam

249 3910 406 3988 vidimus,
430 3910 612 3990 abstInere,
634 3914 669 3973 et
691 3910 853 3974 Vlcarius
876 3911 1054 3974 Generalis
1078 3930 1146 3975 non
1170 3918 1283 3992 potest
1306 3933 1364 3978 eas
1387 3917 1447 3978 eri·

249 4030 336 4090 gere,
368 4013 437 4074 nisi
469 4015 510 4074 ut
540 4012 716 4090 delegatus
748 4011 791 4074 ab
823 4013 1003 4092 Episcopo,
1036 4015 1094 4092 qui
1126 4017 1284 4078 habuerit
1315 4018 1448 4096 privile·

248 4115 341 4193 gium
354 4115 566 4192 delegandi),
579 4113 716 4175 etiamsi
728 4114 908 4191 erigantur
921 4133 942 4178 a
955 4116 1183 4193 Regularibus
1196 4118 1281 4179 etin
1294 4119 1446 4197 ipsorum

249 4235 364 4280 eorum
387 4216 537 4279 ecclesiis
568 4215 651 4292 (nisi
675 4216 861 4293 Regulares
883 4215 1032 4279 habeant
1055 4219 1167 4294 quoad
1190 4220 1252 4281 hoc
1276 4220 1448 4298 peculiare

248 4318 483 4396 Apostolisum
504 4317 780 4396 priuilegium).⁴⁰
823 4319 897 4378 Imo
918 4317 1142 4397 requiruntur
1162 4323 1206 4383 ad
1226 4323 1289 4385 hoc
1309 4323 1448 4385 litterae

282 4467 423 4518 ”Decret
442 4465 475 4518 20
492 4465 565 4524 Meti
583 4465 651 4516 1896
669 4466 706 4518 ad
724 4466 838 4517 Ill-um.

281 4537 467 4602 ”Decretum
484 4535 606 4594 20Ma11
624 4536 692 4588 1896
709 4537 746 4588 ed
763 4537 810 4589 IV.

281 4604 422 4664 ”Lucfdt
438 4605 481 4656 De
495 4604 676 4656 visitatione
691 4617 765 4656 eaor.
783 4605 843 4657 lim.
861 4606 898 4659 11.
915 4620 938 4659 c.
955 4607 970 4658 7
986 4619 1014 4658 u.
1031 4607 1090 4660 130.
