3340 5170
484 466 533 522 Do
553 461 891 536 Ooasrotemitotibas
908 461 1150 519 doeksiosticis
1390 459 1427 516 43

153 742 160 751 ,
228 662 439 726 stituendam
468 661 653 742 requirtnr,
682 661 781 724 debet
809 677 883 722 esse
911 659 1076 722 Sacerdos
1105 659 1148 721 ab
1176 658 1346 738 Episcopo
1374 659 1427 720 de

230 769 373 844 putatus
398 765 444 827 ad
471 761 697 842 receptionem
723 766 758 825 et
784 761 931 840 regimen
961 761 1138 824 Sodalium
1165 762 1266 840 juxta
1292 764 1427 824 statuta

229 865 547 930 Oonlraternitatis.
583 866 681 940 Quod
695 864 841 927 officium
857 864 1013 926 Rectoris
1030 881 1242 943 nequaquam
1259 863 1335 940 ipso
1351 863 1428 943 jure

229 973 264 1032 et
288 969 362 1031 sine
386 967 526 1046 speciali
553 967 789 1046 designatione
814 967 858 1028 ad
882 967 1068 1045 paroc-hum
1096 970 1239 1044 spectat,
1266 967 1302 1028 in
1328 966 1427 1044 cujus

229 1069 371 1132 ecclesia
392 1069 540 1148 erigitur
562 1068 850 1147 confraternitas,
872 1069 940 1130 nisi
962 1069 1132 1147 parochus
1155 1066 1202 1130 sit
1225 1068 1347 1130 unicus
1370 1067 1427 1130 Sa·

229 1173 347 1235 cerdos
377 1171 474 1237 illius
505 1169 666 1234 ecclesiae
696 1170 839 1250 ideoque
868 1170 976 1233 tacite
1007 1173 1187 1232 censeatur
1217 1169 1427 1248 designatus.

229 1273 374 1348 Quando
401 1271 680 1337 Oonlraternitas
707 1271 855 1350 erigitur
882 1271 991 1350 magis
1018 1272 1063 1334 ad
1090 1267 1204 1333 instar
1230 1270 1365 1349 collegii
1392 1275 1428 1333 et

231 1376 382 1454 corporis
396 1375 559 1454 organici,
572 1391 658 1452 quae
671 1391 751 1438 suos
763 1375 887 1437 habeat
900 1373 1059 1437 officiales
1073 1377 1110 1436 et¹
1121 1372 1427 1452 administratores,

229 1481 312 1539 tunc
334 1478 371 1539 in
393 1493 510 1539 eorum
530 1477 695 1539 electione
717 1480 752 1538 et
774 1476 998 1555 deputatione
1020 1477 1182 1539 standum
1205 1481 1259 1539 est
1281 1475 1428 1538 decretis

228 1579 444 1658 generalibus
472 1583 508 1642 et
535 1577 681 1641 statutis
709 1577 979 1657 particularibus
1009 1577 1304 1656 Contreteritatis,
1332 1578 1429 1646 salvo

229 1697 361 1758 semper
372 1680 450 1759 iure
461 1680 624 1759 Episcopi
637 1679 851 1759 approbandi
865 1678 1024 1741 officiales
1037 1678 1173 1757 electos,
1187 1679 1240 1741 vel
1253 1696 1310 1742 eos
1323 1678 1428 1742 etiam

229 1782 324 1861 justa
339 1787 375 1845 et
389 1782 486 1861 gram
498 1783 541 1844 de
553 1799 658 1844 cansa
674 1780 877 1844 removendi.
1460 1774 1462 1779 ’

354 1933 518 1996 Foroiulo
537 1937 712 2011 consueto,
731 1951 799 2012 qao
817 1934 981 2012 Episcopi
1000 1934 1053 1995 nti
1072 1935 1183 1994 solent
1202 1933 1241 1996 ia
1260 1933 1428 1996 erectione

314 2037 462 2114 alieuius
479 2035 798 2115 Ooaffroteroitotia,
815 2038 897 2098 hoco
912 2040 982 2098 est:

272 2188 334 2250 “N.
354 2187 546 2266 Episcopus
568 2188 697 2250 N.--In
718 2188 855 2250 nomine
877 2188 979 2250 Illius
1000 2188 1059 2267 qui
1082 2188 1235 2251 charitas
1256 2191 1319 2251 est.
1343 2188 1429 2250 Oum

229 2307 339 2368 nuper
366 2289 473 2351 Nobis
503 2289 704 2367 innotuerit,
734 2289 918 2351 nonnullos
947 2289 1092 2352 eximiae
1121 2289 1306 2368 probitatis
1336 2289 1429 2352 viros

230 2389 334 2470 hujus
353 2391 420 2454 loci
442 2393 495 2469 N,
517 2391 573 2470 pie
593 2391 680 2454 velle
702 2391 813 2454 vivere
836 2391 1061 2470 operibusque
1084 2391 1268 2454 charitatis
1290 2408 1433 2470 operam

229 2494 322 2570 dare,
334 2493 467 2571 gratias
479 2494 521 2556 de
534 2493 596 2554 hoc
609 2493 682 2554 Deo
695 2496 845 2571 agentes,
858 2492 1158 2572 desiderantesque
1172 2494 1261 2572 quod
1275 2494 1358 2557 haec
1370 2493 1429 2572 pia

229 2586 333 2673 opera
367 2598 511 2674 perpetu
545 2594 818 2673 frequententur,
853 2594 1067 2657 contratrum
1103 2593 1317 2674 propositum
1351 2607 1430 2658 vere

229 2695 325 2776 pium
351 2698 544 2774 landantes,
570 2712 687 2760 eornm
712 2696 873 2776 petitioni
900 2697 1021 2760 libenti
1049 2697 1165 2759 animo
1190 2695 1361 2778 inclinati,
1387 2715 1429 2760 ex

229 2803 324 2862 certa
342 2802 462 2862 nostra
479 2799 635 2877 scientia,
654 2799 717 2862 sub
734 2799 840 2862 titulo
858 2798 1042 2862 charitatis
1061 2799 1271 2876 praedictam
1291 2799 1428 2862 institu-

228 2902 357 2964 tionem
368 2904 403 2964 et
414 2901 612 2964 societatem
625 2918 701 2963 cum
713 2918 778 2962 usu
789 2917 965 2964 saccorum
1005 2948 1013 2964 .
1054 2949 1062 2964 .
1102 2892 1273 2964 (coloris
1297 2949 1320 2984 ι.
1361 2949 1369 2964 .
1421 2949 1429 2964 .

230 2993 440 3066 auctoritate
460 3008 580 3065 nostra
600 3004 778 3066 ordinaria
798 3006 1037 3083 approbamus,
1058 3009 1094 3067 et
1114 3005 1151 3066 in
1172 3005 1275 3072 dicta¹
1287 3004 1429 3067 ecclesia

228 3107 303 3168 sine
315 3105 528 3185 praejudicio
539 3106 669 3183 jurium
682 3106 843 3168 ecclesiae
857 3107 1074 3185 parochialis,
1088 3112 1252 3186 perpetuo
1265 3107 1429 3186 erigimus

228 3213 264 3270 et
293 3207 636 3285 instituimus31cum
667 3209 836 3270 facultate
866 3213 1002 3271 statuta
1031 3214 1067 3272 et
1098 3210 1332 3272 ordinationes
1364 3227 1427 3290 pro

228 3310 322 3372 felici
355 3310 524 3372 distorum
558 3311 692 3388 piorum
723 3327 863 3389 operum
896 3329 918 3373 a
951 3311 1048 3374 nobis
1082 3315 1197 3375 tamen
1230 3316 1265 3375 et
1299 3313 1428 3375 nostris

230 3413 481 3477 successoribus
506 3413 737 3490 approbanda,
764 3414 985 3494 concedendi;
1010 3416 1239 3493 eleemosynas
1263 3421 1298 3479 et
1323 3417 1429 3478 chari·

228 3515 315 3576 tatis
333 3505 498 3592 subsidia,
516 3515 554 3575 in
573 3516 748 3593 praelatos
768 3533 851 3599 ursus
870 3517 1098 3595 convertendi,
1118 3518 1156 3578 in
1172 3518 1313 3581 civitate
1332 3536 1429 3597 quae

231 3616 339 3694 rendi,
358 3617 541 3694 colligendi
561 3621 596 3679 et
614 3617 900 3695 administrandi3
920 3622 956 3680 et
976 3619 1081 3680 Nobis
1101 3620 1284 3694 etnostris
1302 3637 1429 3682 succes·

230 3719 364 3779 sonibus
385 3718 426 3781 de
444 3717 516 3779 illis
536 3735 575 3780 ac
595 3719 675 3781 aliis
695 3719 863 3781 rationem
884 3720 1047 3782 reddendi
1073 3723 1230 3798 (remotis
1249 3726 1364 3784 tamen
1385 3721 1428 3783 ab

229 3820 380 3882 ecclesiis
406 3821 563 3899 'capsulis
595 3825 631 3883 et
663 3821 857 3899 pelvibus);
891 3823 1170 3900 congregationes
1202 3825 1427 3902 convocandi;

230 3923 455 3984 resolutiones
470 3923 637 4001 capiendi,
652 3923 811 3986 officiales
825 3943 846 3986 a
862 3925 969 3986 Nobis
982 3930 1018 3987 et
1033 3926 1162 3988 nostris
1177 3922 1428 3989 successoribus

230 4025 491 4101 confirmandos,
514 4025 679 4103 eligendi;
703 4027 910 4104 sepulturas,
934 4045 995 4104 pro
1018 4029 1187 4090 iratribus
1209 4032 1346 4090 tantum
1369 4029 1428 4106 qni

230 4127 296 4188 sibi
315 4127 400 4206 ipsis
418 4127 592 4205 elegerint,
611 4128 715 4206 justis
734 4129 906 4190 decausis
926 4130 1077 4191 animum
1095 4134 1251 4191 nostrum
1270 4131 1429 4194 moventi·

229 4229 303 4306 bus,
319 4230 550 4306 construendi,
566 4230 670 4291 salvis
685 4229 821 4308 juribus
837 4233 977 4309 parochi
992 4236 1027 4293 et
1043 4238 1186 4310 quartae
1202 4233 1268 4294 sibi
1284 4234 1428 4296 debitae.

229 4332 277 4392 Et
292 4331 343 4392 ita
359 4331 522 4409 erigimus
537 4335 572 4393 et
588 4333 826 4412 approbamus,
843 4333 946 4411 omni,
963 4338 1026 4396 etc.
1256 4337 1258 4342 ’

273 4434 426 4495 ‘Datum
440 4435 501 4498 .N.
516 4433 742 4513 ..Episcopus
767 4437 851 4497 lili.
960 4423 962 4428 ⁸

275 4527 278 4532 ’
769 4537 1003 4603 Cancellarius
1018 4539 1233 4618 Episcopalis
1249 4541 1294 4602 N.
1308 4587 1316 4602 .
1329 4587 1336 4601 .
1350 4543 1384 4602 .'’
