3340 5170
523 412 573 470 De
585 411 932 490 communitatibus
948 411 1191 470 Ecclesiastioia
1431 411 1468 470 5⁷

267 603 441 683 privatum
459 605 654 684 registrum,
672 610 707 668 at
723 606 974 684 quamprimum
993 606 1166 668 commode
1183 609 1338 684 possunt,
1357 609 1467 668 trans·

267 707 405 770 mittere
424 710 609 771 teneantur
628 709 673 770 ad
694 708 894 787 Superiores
915 709 1123 787 respectivae
1145 707 1351 772 Sodalitatis
1371 725 1467 770 cano

267 809 342 870 nice
364 813 497 871 erectae
520 810 659 873 nomina
682 814 905 890 receptorum,
929 815 970 873 ut
993 811 1031 872 in
1052 811 1178 872 Album
1202 811 1312 889 ipsius
1338 809 1467 873 Sodali·

266 910 353 973 tatis
368 911 604 974 referantur.⁶⁶

308 1014 338 1075 4.
362 1013 562 1093 Superiores
612 1014 781 1077 Ordinum
832 1015 1080 1094 religiosorum,
1131 1017 1213 1078 dum
1264 1017 1465 1079 facultatem

267 1115 484 1194 elargiuntur
509 1116 751 1179 Sacerdotibus
776 1117 964 1196 recipiendi
990 1118 1106 1180 fideles
1131 1119 1169 1179 in
1196 1117 1466 1180 (ioniraternita-

269 1220 345 1296 tem,
365 1219 477 1280 solent
496 1219 534 1279 in
553 1219 744 1296 respectiva
763 1219 899 1298 pagella
919 1236 979 1281 seu
998 1219 1115 1282 libello
1135 1236 1322 1299 apponere:
1363 1222 1466 1282 Dom-

171 1375 175 1384 .
267 1322 365 1382 modo
385 1321 423 1381 id
442 1321 506 1400 fiat
525 1321 564 1381 in
585 1321 679 1398 lodo,
698 1321 758 1382 obi
779 1321 974 1382 deuocatus
994 1322 1107 1382 nostri
1127 1321 1268 1382 Ordinis
1287 1338 1357 1383 ooo
1375 1338 1466 1399 repe·

265 1422 414 1484 riuotur.
461 1422 569 1500 Saepe
591 1426 717 1500 tarnem
740 1423 944 1501 praesertim
965 1423 1102 1501 quando
1126 1424 1243 1502 agitur
1266 1424 1308 1485 de
1331 1423 1466 1502 magnis

266 1523 476 1602 civitatibus,
497 1524 664 1586 inseritur
684 1524 788 1587 facile
809 1525 891 1587 haec
913 1525 984 1588 alia
1006 1525 1173 1588 formula:
1196 1527 1301 1588 etiam
1321 1528 1361 1588 io
1382 1528 1466 1589 looic

266 1627 325 1688 abi
342 1630 424 1688 suoi
443 1613 562 1688 ὠοιιιιιι
579 1641 701 1688 noerae
718 1627 934 1707 religiositati

307 1728 337 1790 5.
359 1728 427 1802 Qui
446 1729 548 1791 habet
566 1729 770 1792 facultatem
788 1729 1006 1793 adscribendi
1025 1729 1135 1792 aomos
1154 1731 1193 1792 in
1212 1731 1362 1809 aliquam
1383 1729 1465 1792 Gon·

263 1830 521 1894 fraternitatem
543 1831 597 1892 vel
619 1830 713 1910 piam
736 1831 1008 1909 associationem,
1030 1831 1135 1895 etiam
1159 1832 1308 1912 seipsum
1331 1832 1386 1894 illi
1410 1833 1465 1896 ad·

264 1933 413 1996 scribere
426 1934 527 2012 valet,
541 1937 582 1996 ut
594 1937 630 1996 et
642 1933 716 2012 ipse
728 1949 861 2012 quoqne
874 1934 984 2012 possit
996 1933 1242 2014 indulgentias,
1256 1951 1343 2012 quae
1356 1933 1465 1997 eidem

264 2035 416 2098 adnexae
434 2039 550 2113 suunt,
570 2035 710 2114 lucrari,
730 2038 899 2114 qnatenus
919 2036 1002 2097 haec
1020 2036 1172 2099 facultas
1191 2036 1360 2099 habeatur
1379 2037 1465 2098 indi·

264 2137 492 2200 soriminatim
510 2137 542 2199 ei
560 2153 720 2200 concessa
737 2141 772 2200 et
790 2154 859 2199 non
876 2137 1030 2200 taxative
1045 2155 1096 2200 ex.
1115 2155 1165 2216 gr.
1184 2139 1215 2201 si
1232 2144 1322 2202 esset
1340 2139 1372 2202 ei
1390 2157 1464 2202 con-

264 2255 360 2300 cessa
377 2242 514 2301 tantum
531 2255 595 2317 pro
612 2239 823 2303 Monasterio
840 2239 1082 2302 Monialium.⁰⁸

413 2388 467 2466 (b)
496 2389 643 2468 Quinum
658 2389 697 2450 io
715 2389 1044 2468 confraternitatem
1061 2391 1169 2470 recipi
1185 2393 1321 2471 possint

307 2523 351 2584 In
381 2521 695 2586 Confraternitates
724 2523 831 2602 recipi
861 2527 1006 2603 possunt
1037 2525 1154 2588 fideles
1184 2524 1371 2605 baptizati3
1403 2527 1463 2605 qui

263 2623 354 2686 enirn
385 2625 536 2687 nondum
565 2628 679 2687 essent
709 2624 888 2703 baptizati,
919 2626 1098 2702 incapaces
1128 2626 1244 2689 forent
1274 2627 1462 2706 recipiendi

262 2725 396 2804 gratias
412 2715 725 2805 spiritualesquae
741 2726 845 2789 certis
862 2726 981 2788 diebus
997 2727 1166 2806 certisque
1182 2729 1245 2790 sub
1262 2729 1463 2795 conditioni·

261 2829 326 2890 bus
351 2827 534 2890 Sodalibus
558 2826 785 2906 elargiuntur.
831 2829 904 2890 Imo
929 2845 990 2890 nec
1014 2845 1129 2891 omnes
1153 2829 1269 2892 fideles
1293 2831 1462 2909 baptizati

261 2933 408 3008 possunt
442 2929 745 2992 indiscriminatim
780 2930 818 2991 in
853 2928 1167 2993 confraternitates
1201 2931 1326 3010 recipi3
1360 2931 1463 2994 multi

261 3031 353 3096 enim
375 3031 647 3110 praepediuntur
668 3049 690 3093 a
713 3031 908 3109 receptione
929 3031 967 3092 in
991 3030 1305 3094 Confraternitatas
1329 3032 1463 3096 restric-

262 3133 415 3196 tionibus
430 3151 493 3212 pro
508 3133 715 3196 admissione
728 3133 907 3213 appositis,
923 3134 966 3196 de
980 3133 1104 3211 quibus
1118 3135 1384 3234 statimyloquar.
1419 3195 1422 3200 .

576 3285 626 3362 (o)
656 3285 793 3364 Quiane
807 3285 915 3364 recipi
930 3303 999 3348 ooo
1013 3288 1150 3365 possint

304 3419 466 3493 Quamvis
484 3419 797 3483 Oonfraternitates
814 3421 856 3482 de
874 3421 929 3484 die
946 3421 984 3482 in
1002 3421 1091 3483 diem
1109 3423 1371 3486 numeriosiores
1388 3442 1461 3487 eva-

260 3523 347 3585 dant
374 3526 409 3584 et
438 3522 613 3600 ingressus
644 3522 681 3583 in
709 3539 767 3584 ear
797 3539 929 3602 semper
957 3523 1095 3586 facilior
1125 3524 1301 3602 reddatur,
1331 3523 1461 3587 multae

260 3627 376 3686 tamen
401 3624 557 3686 existunt
581 3623 817 3686 restrictiones
843 3641 905 3701 pro
932 3625 1139 3688 admissione
1164 3627 1202 3687 in
1229 3626 1461 3691 Oonfraterni
1578 3642 1581 3650 ·

260 3729 362 3788 tates.
408 3726 460 3788 De
485 3725 788 3804 principalioribus
813 3726 936 3788 saltem
961 3726 1158 3806 hujusmodi
1183 3728 1459 3791 restrictionibus

260 3828 399 3890 verbum
419 3827 533 3890 iacere
554 3843 688 3889 necesse
708 3830 771 3888 est.
815 3828 938 3905 Itaque
958 3827 996 3888 in
1019 3827 1331 3891 Confreternitates
1353 3829 1460 3908 recipi

259 3946 330 3992 non
344 3933 508 4008 possunt:

304 4032 333 4092 1.
354 4032 529 4110 Defoooti.
576 4030 774 4093 Declaravit
799 4031 862 4092 hoc
886 4030 957 4110 jam
982 4032 1038 4093 die
1063 4032 1104 4092 12
1129 4031 1219 4094 Julii
1244 4033 1326 4095 1703
1353 4032 1460 4096 Sacra

261 4132 489 4212 congregatio
510 4132 631 4194 Sancti
649 4132 777 4210 Officii3
797 4136 832 4194 et
853 4132 959 4195 Sacra
980 4133 1207 4211 Oongregatio
1227 4135 1459 4212 Indulgentia-

259 4252 348 4312 ιιιιιι,
372 4235 427 4297 die
450 4235 491 4296 25
515 4233 666 4312 Augusti
690 4233 783 4311 1897,
806 4234 845 4295 in
869 4234 1016 4313 epistola
1040 4236 1085 4297 ad
1109 4234 1297 4313 Episcopos
1323 4236 1458 4314 Italiae,

294 4385 313 4412 ‘¹
323 4383 436 4434 Deerat.
454 4383 488 4434 26
504 4383 570 4434 Jan.
588 4382 665 4434 18⁷1.
681 4394 709 4432 n.
726 4381 778 4434 428
794 4382 832 4434 ad
847 4381 867 4433 f.

294 4453 313 4480 ⁰¹
323 4451 533 4511 Moocnegtant
550 4463 595 4510 op.
612 4451 662 4502 eft.
679 4462 708 4503 n.
758 4503 761 4510 ,

294 4519 463 4580 “congrae
481 4520 605 4580 Indulg„
624 4520 657 4570 16
674 4519 758 4578 lulli,
776 4519 989 4578 188⁷,auv1t
