3340 5170
248 453 287 511 40
505 453 556 510 De
575 451 913 526 Ooquoteruitotibus
928 451 1171 512 Eoolesmctiois

249 649 354 723 prout
390 647 583 726 exponitur,
619 647 788 728 simulque
824 652 997 729 gaudeant
1036 651 1266 730 IndulgentiIs
1303 651 1448 730 aliisque

250 747 490 824 spiritualibus
508 749 632 826 gratiis
648 754 683 812 et
700 751 890 830 privilegiis
906 753 993 830 ipsis
1010 753 1188 815 concessis,

288 849 355 912 His
379 867 458 928 ergo
482 855 518 912 et
540 851 743 930 quibusdam
767 853 847 916 aliis
872 855 940 933 piis
965 855 1262 920 Associationibus
1286 857 1447 935 exceptio,

249 953 408 1030 praelata
424 953 479 1015 lex
496 953 685 1018 distantiae
700 956 739 1016 ln
754 956 925 1020 erectione
942 957 1278 1020 Oonlraternitatum
1295 958 1446 1037 ejusdem

248 1055 397 1117 nominis
419 1059 455 1118 et
476 1056 632 1119 instituti
655 1075 697 1119 ex
719 1062 901 1137 praecepto
923 1060 1135 1122 observanda
1157 1064 1220 1122 est.
1243 1061 1380 1138 Verum,
1404 1062 1447 1122 ob

249 1160 385 1220 mutata
406 1161 597 1236 temporum
618 1159 794 1238 adjuncta,
817 1161 1017 1240 Apostolica
1041 1161 1144 1224 Sedes
1166 1162 1377 1240 praedictam
1400 1161 1447 1225 di-

249 1259 401 1321 stantiae
425 1259 532 1338 legem
556 1262 751 1339 nuperrime
776 1263 975 1340 moderavit,
1002 1279 1063 1324 ceu
1087 1281 1129 1325 ex
1154 1263 1209 1340 iis,
1236 1280 1322 1342 quae
1335 1263 1446 1324 'modo

248 1360 460 1438 subjicimus,
479 1361 622 1440 patebit.
664 1362 776 1434 Quum
796 1363 887 1438 enim
913 1365 973 1440 (In
993 1382 1064 1426 una
1084 1363 1271 1441 Laudensi)
1297 1380 1319 1426 a
1341 1363 1447 1426 Sacra

248 1461 519 1544 Oongregatione
537 1465 750 1543 postulatum
767 1465 909 1528 fuisset:
929 1467 1054 1529 Utrum
1073 1467 1244 1529 concessio
1263 1467 1446 1530 Pontificio

247 1567 405 1626 statuens
426 1566 598 1627 Soduiitio
619 1566 790 1628 Filiorum
811 1568 944 1630 Murice
966 1569 1091 1647 ubique
1111 1570 1263 1631 locorum
1286 1569 1382 1648 erigi,
1406 1585 1446 1630 ac

242 1665 436 1729 ‹Sodalitati
451 1667 642 1730 Primariae
655 1668 693 1730 in
705 1669 858 1731 Basilica
873 1669 907 1732 S.
922 1671 1066 1748 Agnetis
1081 1675 1180 1732 extra
1194 1672 1328 1734 moenia
1342 1671 1446 1734 Urbis

246 1767 410 1831 existenti
427 1769 607 1847 aggregari
624 1787 732 1848 posse,
750 1771 797 1832 ait
815 1773 1029 1834 eutoudeudo
1045 1774 1090 1834 od
1108 1773 1195 1834 oliuo
1214 1790 1344 1852 quoque
1364 1773 1446 1835 dou·

246 1870 487 1948 iroteruitutea
508 1875 543 1932 ot
564 1871 865 1952 Oouproyotioues,¹
883 1891 924 1936 ea
945 1874 1147 1952 praesertim
1168 1875 1210 1936 de
1231 1890 1335 1936 causa
1355 1873 1445 1952 quod

247 1971 339 2034 bisce
369 1972 498 2034 nostris
528 1973 738 2050 temporibus
767 1975 914 2036 maxime
943 1975 1131 2054 optandum
1163 1976 1220 2053 sit,
1251 1980 1292 2037 ut
1322 1977 1446 2054 ubique

247 2073 398 2135 locorum
425 2063 763 2155 Oonlraternitatum
787 2093 827 2138 ac
856 2076 1166 2154 Congregationum
1195 2077 1449 2156 multiplicetur

247 2175 382 2253 erectio,
411 2193 512 2254 quam
539 2176 645 2239 etiam
673 2178 873 2255 Apostollca
903 2177 1006 2240 Sedes
1034 2177 1160 2240 iterum
1189 2183 1291 2256 atque
1318 2179 1444 2240 iterum

246 2277 517 2340 commendavit?

289 2377 323 2441 S.
343 2379 571 2458 Oongregatio
590 2380 785 2458 respondit:
823 2383 999 2460 Nepotive,
1018 2387 1053 2444 et
1074 2384 1317 2445 consulendum
1339 2383 1446 2446 SSmo

245 2485 287 2543 ut
316 2482 477 2560 (ligustro
504 2483 684 2544 euteuoere
711 2483 906 2561 praefatum
935 2486 1184 2546 cormesciouem
1213 2501 1275 2562 pro
1305 2485 1445 2548 Contra·

246 2583 471 2646 ternitatibus
494 2583 665 2662 erigendis
688 2584 726 2646 in
749 2584 834 2646 locis
859 2585 1045 2664 distinctis,
1069 2586 1106 2647 id
1130 2590 1183 2650 est
1207 2587 1244 2648 in
1269 2587 1445 2649 dintinctis

245 2684 455 2747 dioecesibus
472 2685 524 2747 vel
540 2685 853 2748 communitatibus.
865 2686 892 2720 ⁸⁶

289 2787 331 2848 In
349 2787 538 2850 Audientia
553 2803 632 2848 vero
650 2787 718 2849 diei
736 2789 760 2850 J
762 2788 900 2850 anuarii
918 2789 1001 2850 1893
1020 2789 1180 2852 Summus
1198 2791 1360 2853 Pontifex
1377 2792 1445 2853 Leo

246 2886 340 2950 XIII
353 2889 500 2967 petitum
513 2889 663 2967 gratiam
679 2889 821 2968 benigue
836 2891 1013 2952 oouoeaait.
1025 2890 1051 2926 ⁸²

288 2991 331 3051 In
360 2991 469 3052 allato
498 3006 660 3068 responso
689 2991 756 3052 duo
786 2991 1023 3054 continentur:
1076 2989 1113 3052 1ο
1146 2994 1244 3066 Quod
1273 3011 1315 3056 ex
1343 2995 1442 3073 praxi

245 3091 414 3154 existente
441 3092 498 3168 (ut
518 3109 676 3170 expresse
696 3092 825 3154 dicitur
846 3093 883 3155 in
904 3094 1019 3156 eodem
1042 3095 1186 3156 Decreto
1209 3096 1254 3158 ad
1276 3097 1380 3172 bum)
1406 3097 1444 3158 in

245 3193 416 3272 erIgendis
441 3193 795 3256 Goniraternitatibus
820 3198 856 3257 et
880 3194 917 3256 in
942 3195 986 3257 iis
1012 3197 1248 3274 aggregandis,
1274 3198 1444 3260 distantia

245 3295 349 3358 unius
371 3296 488 3358 leucae
511 3297 699 3374 generatim
722 3300 775 3359 est
799 3297 976 3359 servanda.
1021 3295 1059 3358 2⁰
1086 3298 1185 3370 Quod
1209 3299 1354 3362 inlocis
1380 3301 1443 3362 clie-

246 3399 376 3476 tiuotic,
392 3401 433 3459 ut
450 3393 533 3459 sun't
548 3397 726 3475 dioeceses,
744 3397 912 3476 civitates,
931 3399 1021 3478 pagi,
1040 3399 1167 3478 oppida
1185 3418 1245 3462 seu
1264 3402 1443 3463 commuui-

245 3505 346 3578 totca,
359 3499 557 3562 conceditur
569 3503 610 3562 ut
623 3499 936 3562 Gonlraternitates
949 3501 1035 3578 erigi
1048 3502 1192 3580 possint,
1207 3504 1360 3581 quumvis
1373 3521 1443 3566 uuo

246 3605 342 3664 leuco
358 3602 451 3663 iuter
468 3618 503 3662 ae
521 3619 590 3664 ooo
608 3602 746 3664 distent.

287 3705 461 3777 Quaenam
488 3703 640 3782 praecise
666 3705 783 3766 haberi
810 3704 956 3767 debeant
982 3723 1044 3784 pro
1072 3707 1155 3768 iocis
1182 3708 1358 3770 distinctis
1382 3725 1444 3771 seu

244 3805 420 3868 dictinctio
438 3806 741 3869 communitatibus
758 3809 855 3868 extat
873 3806 1085 3868 declaratum
1104 3826 1124 3869 a
1142 3808 1287 3872 laudata
1306 3808 1340 3870 S.
1360 3809 1443 3870 Gon·

185 3981 195 3994 ,
244 3907 441 3986 gregatione
459 3907 758 3984 Indulgentiarum
774 3907 811 3968 in
828 3907 1048 3986 responsIone
1064 3909 1108 3970 ad
1126 3911 1285 3972 dubium:

285 4011 341 4070 An
361 4011 528 4072 distinctu
548 4009 786 4086 communitor,
805 4027 908 4087 quam
929 4010 1110 4072 Decretum
1134 4010 1237 4074 Sacre
1257 4012 1442 4091 Congrege-

243 4111 349 4173 tionis
369 4111 668 4189 Indulgentiarum
688 4111 725 4172 in
745 4128 815 4173 una
834 4111 1006 4172 leudensi
1026 4112 1094 4175 diei
1114 4114 1154 4174 31
1176 4115 1339 4176 Ianuarii
1360 4115 1442 4176 1893

243 4231 307 4292 pro
329 4213 498 4288 erectione
522 4213 857 4274 Confraternitatum
880 4212 1031 4290 ejusdem
1056 4214 1203 4276 nomini·
1226 4220 1262 4277 et
1285 4215 1442 4278 instituti

243 4316 399 4394 requirit,
433 4315 667 4377 constituatur
699 4314 805 4377 etiam
838 4333 859 4376 a
892 4315 1044 4393 quolibet
1076 4315 1228 4394 eiusdem
1263 4317 1443 4396 municipii

276 4495 578 4556 ⁸⁰Moconegtan1,op.
596 4496 645 4546 cit.
663 4507 743 4546 num.
762 4495 831 4546 1728
848 4509 908 4556 sqq.
927 4496 952 4546 9.

277 4565 390 4624 “Apud
408 4565 500 4616 Nouv.
520 4565 590 4616 Rev.
610 4564 709 4616 Theoi.
728 4566 797 4615 tom.
816 4565 907 4624 XXV,
924 4576 989 4625 pag.
1009 4563 1068 4616 aab.
