3340 5170
470 473 521 530 De
540 473 879 547 Oosiroteraitotibas
895 475 1137 534 ldeeleoiastieis
1377 475 1416 533 4i'

213 685 380 749 gerorum,
407 671 562 749 fideliam
587 687 708 751 nempe
733 673 914 752 utriusque
940 691 1052 752 seam,
1078 675 1138 754 qai
1164 676 1327 738 abaciam
1352 693 1415 754 per

214 773 366 851 ejusdem
389 773 530 835 Ordinis
558 773 764 852 (Minorem)
791 774 934 838 Fratres
957 776 1030 855 peri
1050 777 1190 838 solitam
1212 794 1253 839 eo
1273 777 1415 839 illoram

214 874 392 936 devotione
411 875 580 955 deterosi,
599 892 640 938 oo
658 876 722 938 illo
741 876 926 956 aequatio
945 879 1008 939 aab
1028 878 1242 940 inuocatione
1262 879 1414 956 eiusdem

213 975 249 1038 d.
279 976 468 1039 Francisoi.
523 976 660 1040 Sciebat
689 977 781 1040 enim
811 978 985 1057 Pontifex,
1016 977 1240 1058 seraphicum
1271 980 1412 1043 Patrem

212 1081 315 1140 tanta
335 1077 552 1157 praestitisse
572 1079 770 1157 sanctitate,
791 1083 845 1142 tot
865 1079 1042 1158 tantisque
1062 1081 1228 1144 claruisse
1249 1080 1358 1160 signis
1379 1085 1415 1144 et

214 1178 402 1259 miraculis,
426 1185 467 1242 at
489 1198 574 1259 pene
600 1197 716 1243 omnes
740 1183 785 1244 od
809 1182 865 1243 sai
889 1182 1100 1244 devotionem
1124 1187 1159 1244 et
1183 1183 1414 1245 imitationem

211 1283 434 1361 permeavit,
446 1283 613 1361 multique
628 1300 669 1344 eo
682 1283 770 1362 ipsis
785 1282 1075 1362 Obristiildelibas
1089 1285 1252 1346 eboreiam
1267 1284 1414 1346 ιὶιιὶῑιιι

213 1385 255 1463 ei,
273 1373 342 1463 pao
358 1383 432 1464 ipse
451 1387 532 1447 dam
550 1385 589 1445 iu
607 1386 670 1448 boo
688 1387 823 1447 soeeulo
842 1390 1038 1448 versaretur
1056 1386 1190 1448 doctas
1209 1390 1295 1464 erat,
1314 1386 1413 1449 bodie

213 1486 409 1563 deserent.⁸²

253 1586 380 1666 Vigorc
410 1592 617 1651 memoratae
647 1587 916 1651 Oonssfitutioni
946 1589 1004 1667 ius
1034 1589 1188 1668 erigendi
1217 1590 1342 1669 ubique
1373 1589 1411 1650 in

211 1689 363 1752 ecclesiis
389 1689 667 1752 Franciscalibus
693 1690 1023 1754 confraternitatem
1049 1690 1334 1770 Obordigerorum
1359 1695 1413 1754 eat

211 1809 315 1870 penes
351 1791 513 1854 Ordinem
551 1792 723 1853 Minorem
761 1791 1056 1870 conventualium,
1094 1793 1262 1871 privative
1299 1795 1413 1871 qoood

211 1911 338 1972 omnes,
371 1894 431 1956 abi
446 1895 515 1972 ipsi
533 1894 696 1956 eatstaat.
737 1895 780 1956 In
795 1894 881 1957 locis
899 1909 988 1973 vero,
1006 1894 1065 1957 ubi
1083 1911 1152 1956 nou
1170 1898 1252 1956 sunt
1269 1895 1412 1957 Fratres

212 1981 472 2073 eonventmles,
495 1996 584 2058 tales
605 1995 919 2058 Oouiratcrnitates
942 1995 1072 2075 erigere
1093 2000 1238 2075 possunt
1260 1996 1412 2058 Minores

210 2098 254 2160 de
278 2096 505 2160 Obseruantia
528 2098 566 2159 in
591 2097 664 2159 suis
687 2097 850 2174 ecclesiis,
875 2115 917 2160 ex
942 2097 1157 2160 concessione
1182 2097 1293 2176 ipsius
1320 2097 1412 2160 sixti

209 2201 243 2262 V
282 2198 548 2278 Constitutione,
587 2198 738 2278 iucipien
777 2201 897 2278 Nuper
935 2199 1337 2278 ArebieoaJroteroitoti,
1376 2201 1412 2262 et

212 2301 373 2365 cremetis
389 2301 423 2362 X
442 2301 629 2364 Constitui.
646 2299 806 2379 iucipien.
843 2289 983 2364 Dodoni
998 2301 1119 2380 felicis.

253 2403 296 2464 In
308 2402 477 2466 erectione
488 2419 575 2482 quae
587 2402 627 2466 iit
640 2402 849 2466 auctoritate
861 2402 1056 2482 Superioris
1070 2404 1249 2466 Generalis
1261 2403 1410 2482 alicujus

210 2505 362 2582 Ordinis,
377 2504 472 2568 salvo
486 2504 653 2584 peculiari
668 2503 856 2584 privilegio,
872 2505 1101 2568 observandae
1116 2508 1208 2583 sunt,
1223 2504 1286 2568 sub
1301 2521 1411 2584 poena

210 2607 396 2685 nullitatis,
422 2607 561 2686 regulae
585 2606 819 2686 praescriptae
843 2607 881 2667 in
907 2606 1148 2669 Oonstituione
1174 2607 1410 2686 Qaaeeumpae

211 2709 231 2769 7
267 2708 462 2771 Decembris
499 2708 590 2787 1704,
624 2707 812 2771 Olementis
847 2709 949 2785 VIII,
987 2711 1156 2785 quatenus
1194 2707 1411 2771 instauratae

209 2810 346 2872 decreto
366 2811 468 2873 Urbis
484 2813 520 2873 e't
539 2811 651 2888 Orbis,
666 2809 723 2871 Pii
740 2809 808 2872 ΡΡ.
828 2810 891 2888 IX,
908 2809 929 2872 8
946 2810 1110 2872 Januarii
1128 2809 1220 2873 1861.
1259 2811 1410 2890 Regulae

210 2910 415 2991 praecipuae
434 2915 516 2973 sunt
535 2915 731 2990 soquentes:

253 3016 282 3076 1.
305 3013 457 3077 Litterae
483 3013 666 3077 erectionis
694 3013 769 3092 ejus
798 3014 923 3077 debent
949 3031 1023 3077 esse
1050 3013 1190 3092 formae,
1220 3029 1306 3091 quae
1335 3013 1409 3076 sub·

209 3114 424 3178 entialiter
443 3119 612 3194 congruat
630 3115 799 3179 formulae
817 3115 1052 3195 praescriptae
1071 3134 1093 3178 a
1113 3115 1286 3182 Clemente
1305 3116 1408 3178 VIII.

209 3218 266 3296 lit,
286 3216 356 3280 nisi
374 3216 413 3278 in
431 3216 518 3297 ipsis
536 3216 666 3280 litteris
686 3217 939 3296 contineantur,
960 3216 1063 3280 simul
1081 3218 1203 3280 saltem
1225 3234 1302 3280 cum
1321 3217 1408 3297 ipsis

208 3318 425 3382 deridebant
441 3318 626 3398 praecipua
642 3317 758 3398 capita
774 3318 1043 3381 Oonstitutionis
1061 3319 1307 3398 Quaecumque.

251 3420 282 3483 2.
304 3420 382 3484 Una
403 3423 541 3483 tantum
563 3419 843 3484 Ooniraternitas
864 3420 1016 3498 eiusdem
1038 3421 1172 3499 generis
1192 3425 1228 3484 et
1251 3419 1408 3482 instituti

208 3521 295 3602 erigi
307 3523 421 3602 potest
432 3522 471 3584 in
483 3538 552 3584 uno
563 3523 745 3601 eodemque
757 3523 841 3601 loco,
853 3539 895 3585 ee
906 3539 974 3601 qua
987 3523 1087 3584 modo
1099 3522 1249 3585 diximus
1262 3521 1407 3586 ratione.

250 3625 280 3687 3.
302 3623 406 3688 Prius
436 3623 643 3687 obtinendus
672 3627 725 3687 est
754 3622 905 3703 scriptus
936 3617 1120 3686 consensus
1151 3623 1323 3704 Episcopi,
1354 3624 1407 3686 vel

208 3724 341 3790 Vicerii
360 3725 550 3804 Generalis,
569 3726 646 3804 rite,
667 3729 707 3789 ut
726 3742 842 3805 supra,
862 3725 1020 3804 delegati.
1062 3725 1094 3787 Α
1113 3741 1180 3804 quo
1198 3725 1313 3788 dando
1333 3739 1407 3787 con·

209 3843 311 3891 sensu
328 3827 502 3892 abstinere
520 3845 557 3890 se
574 3828 684 3906 debet,
703 3827 757 3890 uti
774 3827 846 3906 iam
865 3826 1070 3905 notavimus,
1088 3825 1250 3889 vicarius
1268 3824 1407 3905 Oapitu·

208 3929 303 3994 laris.
335 3929 490 3994 Litterae
501 3929 624 4008 quibus
635 3945 796 3993 musas
808 3927 1025 4007 significatur
1036 3927 1271 3991 commendare
1283 3928 1407 3991 debent

208 4031 371 4109 pictatem
391 4048 433 4095 ac
453 4031 651 4111 religionem
672 4029 873 4094 Instituti.⁸⁸

250 4134 415 4198 Attamen
431 4133 462 4196 si
481 4137 607 4213 agatur
623 4134 666 4196 de
683 4130 1038 4196 Ooniratornitatibus
1057 4149 1078 4195 a
1098 4129 1339 4210 Superioribus
1358 4147 1406 4193 re

208 4235 341 4314 ligiosis
355 4234 558 4315 inpropriis
574 4233 647 4297 suis
662 4233 814 4298 ecclesis
830 4233 1011 4312 erigendis,
1027 4231 1205 4296 Ordinarii
1221 4248 1406 4295 consensus

206 4342 291 4402 tunc
303 4337 397 4401 solus
409 4341 463 4400 ost
476 4336 698 4415 necessarius,
712 4336 849 4415 quando
863 4334 981 4413 agitur
994 4336 1036 4398 de
1050 4331 1406 4397 Ooniraternitatibus

206 4471 417 4494 ,......-...-

210 4502 212 4506 ’
241 4517 325 4570 ·oa.
342 4515 526 4569 emrtuos
539 4515 618 4576 apua
633 4514 788 4576 necuim.
804 4518 876 4567 tom.
890 4515 986 4573 xxn,
1003 4526 1069 4576 m.
1086 4514 1147 4567 am.

241 4585 297 4638 ·s.
313 4585 344 4639 c,
361 4584 476 4644 mcum
493 4585 548 4637 nun
564 4584 613 4636 ore
628 4583 645 4636 ι
660 4583 762 4637 marm
779 4587 810 4636 a
824 4583 860 4636 ro
875 4583 948 4644 nsi
965 4583 1042 4636 rasa
