3340 5170
223 439 261 496 38
480 438 529 495 De
549 435 887 511 Ooajroteraimtibas
903 434 1145 493 DocleeioetIot's

225 637 318 698 latae
332 639 367 698 et
385 635 419 698 8.
436 636 580 714 Agnetis
597 635 753 715 Virginis
768 641 804 699 et
821 635 998 714 Martyris,
1015 634 1235 713 quasplures
1252 633 1290 696 in
1306 633 1422 694 eodem

226 738 310 816 loco,
330 739 426 800 nulla
443 738 562 802 habita
581 738 716 800 ratione
734 737 933 814 distantiae,
951 736 1039 815 erigi
1057 741 1092 798 et
1111 735 1251 798 Institui
1268 737 1424 813 possunt,

226 840 279 902 uti
295 839 423 903 statuit
439 856 500 919 per
517 839 664 918 speciale
681 840 863 902 Decretum
881 839 965 900 Pius
982 840 1051 901 ΡΡ.
1070 838 1132 899 ΙΧ.
1151 837 1205 898 En
1224 839 1423 899 Decretum:

269 957 351 1019 1866
392 957 434 1019 30
456 957 615 1035 Augusti.
660 959 711 1019 De
738 956 989 1019 Sodalitatibus
1015 955 1184 1017 Filiorum
1208 954 1339 1016 Mariae
1362 954 1424 1016 eri-

665 1058 784 1137 gendis
806 1059 904 1120 nulla
926 1058 1046 1120 habita
1068 1057 1202 1119 ratione
1225 1054 1423 1118 distantiae.

269 1175 376 1236 Urbis
389 1179 423 1237 et
440 1175 551 1238 Orbis.
590 1176 765 1250 Quantum
783 1177 820 1236 in
837 1176 963 1255 populo
981 1175 1170 1237 christiano
1187 1177 1261 1236 tum
1279 1173 1424 1237 familia·

227 1294 313 1355 rum,
326 1281 399 1338 tum
412 1277 537 1339 salutis
551 1277 738 1338 communis
752 1277 902 1354 intersit,
916 1277 1128 1355 juventutem
1144 1275 1310 1354 sequioris
1324 1292 1424 1337 sexus

227 1379 312 1442 adeo
337 1379 529 1456 instituere,
554 1381 589 1440 et
614 1378 796 1458 praecipue
819 1379 1058 1440 sanctissimae
1084 1377 1260 1456 religionis
1286 1379 1425 1439 nostrae

226 1480 391 1543 subsidiis
414 1498 435 1543 a
456 1484 575 1542 tenera
598 1481 710 1543 adhuc
731 1483 846 1542 aetate
869 1480 1012 1558 munire,
1037 1484 1077 1541 ut
1100 1479 1242 1558 pietatis
1266 1479 1425 1557 operibus

227 1583 363 1645 Intenta
391 1599 615 1659 succrescens,
644 1601 666 1645 a
694 1585 797 1659 recto,
826 1600 924 1660 quem
953 1582 1056 1644 semel
1084 1581 1245 1660 suscepit,
1274 1580 1424 1655 tramite,

229 1685 334 1746 etiam
354 1703 431 1746 oum
453 1685 614 1761 corruerit,
636 1701 705 1745 ooo
726 1688 873 1761 recedat,
894 1683 981 1746 satis
1002 1683 1213 1762 experientia
1235 1688 1270 1745 et
1292 1682 1425 1744 ratione

227 1790 437 1865 compertum
458 1790 520 1849 est.
565 1787 662 1848 Inter
684 1789 797 1848 cetera
819 1790 944 1864 autem,
966 1804 1053 1865 quae
1075 1786 1154 1847 huic
1177 1784 1238 1846 fini
1260 1785 1425 1846 inservire

228 1889 487 1966 dignoscuntur,
514 1888 771 1950 adnumeranda
797 1888 932 1967 quidem
960 1891 1042 1949 sunt
1069 1887 1127 1966 pia
1154 1887 1216 1948 illa
1244 1885 1425 1962 SodalitIa,

227 2008 313 2069 quae
328 1990 530 2069 praesertim
547 1991 610 2052 sub
625 1990 731 2052 titulo
747 1991 876 2052 B.II.V.
892 1991 1054 2053 canonice
1069 1989 1235 2052 instituta
1251 1993 1285 2052 et
1301 1993 1425 2066 erecta,

228 2093 332 2154 toties
356 2111 377 2155 a
402 2093 488 2154 Sede
511 2093 712 2172 Apostolica
737 2094 805 2154 non
829 2093 1074 2169 commendata,
1100 2093 1159 2154 sed
1184 2089 1425 2170 spiritualibus

228 2194 520 2283 indulgentiarum
534 2193 674 2256 auxiliis
688 2194 802 2257 ditata
815 2193 1049 2271 inveniuntur,
1061 2197 1096 2256 et
1109 2211 1196 2272 qnae
1209 2193 1424 2270 potissimum

228 2298 397 2358 Filiorum
414 2297 546 2358 Mariae
564 2296 700 2358 nomine
717 2297 947 2374 appellantur.

270 2400 388 2477 Nuper
406 2415 485 2460 vero
505 2415 581 2460 cum
601 2398 639 2478 in
658 2398 811 2460 Basilica
831 2396 865 2459 S.
886 2398 1031 2476 Agnetis
1049 2401 1148 2461 extra
1168 2397 1302 2460 moenia
1321 2386 1426 2459 Urbis

229 2500 352 2563 similis
383 2500 442 2579 pia
476 2500 649 2579 ¹sodalitas
681 2500 788 2563 inerit
819 2499 982 2564 canonice
1012 2504 1128 2563 erecta
1159 2501 1222 2562 snb
1255 2499 1359 2562 titulo
1391 2502 1427 2561 et

228 2602 422 2680 patrocInio
451 2603 581 2666 ΒΜ.
614 2604 861 2666 Immaculatae
892 2607 926 2664 et
959 2603 994 2666 6.
1026 2603 1171 2681 Agnetis
1206 2602 1360 2681 Virpim's
1390 2606 1426 2663 et

227 2705 405 2784 Martyris,
428 2709 463 2767 et
488 2722 549 2783 per
573 2705 724 2767 Litteras
749 2704 968 2784 Apostolicas
992 2705 1093 2766 datas
1118 2705 1174 2766 die
1198 2705 1239 2765 16
1263 2703 1426 2766 Januarii

229 2807 567 2886 1866,‘amplissimis
592 2807 891 2885 Indulgentiarum
916 2806 1113 2868 muneribus
1137 2807 1366 2884 locupletata;
1391 2809 1427 2868 et

229 2926 289 2988 per
311 2899 407 2992 aliud
429 2910 537 2970 Breve
558 2909 677 2970 datum
699 2909 754 2971 die
777 2910 817 2970 16
840 2908 1021 2971 Februarii
1044 2908 1127 2970 1866
1149 2908 1187 2969 ιιι
1209 2907 1426 2984 Primariam,

228 3029 288 3072 seu
319 3010 746 3073 Archiconiraternitatem
779 3009 887 3072 fuerit
918 3013 1042 3087 erecta,
1073 3009 1125 3072 ita
1157 3014 1197 3071 ut
1229 3010 1337 3071 eidem
1369 3009 1427 3087 jus

228 3116 399 3190 competat
423 3112 631 3190 aggregandi
655 3114 785 3173 ceteras
811 3111 1021 3174 sodalitates
1044 3111 1196 3190 ejusdem
1220 3109 1368 3173 nominis
1391 3115 1427 3173 et

228 3214 384 3276 Instituti
416 3214 540 3292 ubique
571 3214 723 3276 locorum
755 3216 896 3291 erectas,
929 3213 982 3275 vel
1013 3213 1202 3292 erigendas,
1235 3213 1427 3290 eisdemque

227 3315 500 3378 communicandi
541 3333 655 3400 omnes
696 3319 731 3377 et
771 3315 927 3393 singulas
967 3315 1207 3392 Indulgentias
1247 3315 1426 3394 praefatae

228 3417 497 3479 Achisodalitati
511 3435 697 3494 concessas,
712 3417 764 3478 vel
778 3418 1019 3494 concedendas,
1035 3421 1171 3478 servata
1185 3421 1300 3478 tamen
1314 3417 1427 3478 forma

229 3519 498 3581 Constitutionis
520 3519 704 3581 Clementis
725 3519 817 3581 VIII
839 3519 942 3596 incip.
966 3521 1201 3597 Quaecumque
1206 3537 1221 3596 ;
1241 3535 1332 3580 nunc
1354 3522 1427 3580 tan-

228 3623 303 3682 dem
343 3619 469 3683 SSmus
507 3621 548 3682 D.
586 3623 627 3683 N.
666 3621 749 3682 Pius
786 3622 854 3682 ΡΡ.
893 3621 945 3681 ΙΧ
983 3621 1027 3683 ad
1064 3620 1274 3682 humillimas
1311 3637 1427 3697 preces

228 3723 456 3785 Moderatoris
472 3723 623 3801 ejusdem
642 3722 957 3801 Archisodalitatis,
976 3739 1052 3784 cum
1071 3722 1216 3784 maxIme
1234 3721 1426 3799 puellarum

223 3827 311 3886 bono
323 3826 482 3904 expedire
493 3825 709 3904 judicaverit,
723 3824 838 3903 plures
850 3823 954 3886 etlam
968 3824 1004 3884 in
1016 3825 1131 3886 eodem
1144 3825 1218 3885 loco
1231 3824 1427 3903 hujusmodi

231 3928 440 3989 Sodalitates
470 3927 610 3988 institui
639 3930 673 3988 et
700 3925 804 4003 erigi3
833 3926 870 3986 In
900 3919 1088 3987 Audientia
1118 3925 1237 3988 habita
1267 3928 1310 3989 ab
1339 3926 1427 3986 Emi-

229 4029 430 4090 nentissimo
453 4028 632 4090 OardInali
655 4029 834 4090 Praefecto
857 4028 912 4089 die
934 4028 954 4089 3
977 4026 1127 4104 Augusti
1150 4027 1321 4088 currentis
1344 4027 1426 4087 anni

229 4131 321 4206 1866,
338 4130 482 4208 benigne
498 4131 685 4207 mandavit,
702 4133 741 4192 ut
759 4132 869 4207 quoad
886 4130 1083 4208 praedictas
1102 4129 1313 4192 Sodalitates
1331 4131 1427 4192 nulla

228 4233 418 4302 distantiae
441 4233 532 4294 ratio
557 4233 732 4309 habeatur,
757 4233 816 4293 sed
838 4232 941 4293 liceat
965 4231 1156 4310 Episcopis,
1182 4236 1285 4310 prout
1309 4249 1427 4310 oppor-

228 4339 350 4396 tunum
370 4335 406 4394 in
425 4335 571 4395 Domino
589 4333 829 4412 judicaverint,
849 4334 964 4411 plures
984 4333 1021 4395 in
1041 4333 1191 4410 civitate,
1209 4333 1262 4395 vel
1281 4333 1427 4396 dioecesi

229 4437 395 4512 ejusmodi
417 4436 627 4498 sodalitates
646 4435 829 4497 instituere
848 4440 883 4497 et
902 4435 1048 4512 erigere3
1069 4452 1155 4512 quae
1173 4435 1228 4496 sic·
1244 4434 1428 4496 institutae

229 4543 263 4600 et
293 4543 425 4600 erectae
454 4539 523 4616 jam
555 4538 668 4598 dictae
698 4537 985 4599 Archisodalitati
1016 4537 1195 4614 aggregari
1227 4535 1361 4614 possint
1393 4541 1427 4598 ct
