3336 5166
235 357 273 416 82
492 358 542 417 De
560 357 900 434 confratemitotiboa
915 354 1159 415 Ecclesiastico

278 550 441 625 Quamvis
453 549 592 612 tandem
603 549 744 612 comitia
756 549 838 612 haec
851 549 1165 612 confraternitates
1177 548 1437 628 teneripossint

236 653 274 715 in
298 652 459 716 ecclessia
484 652 537 714 uti
562 651 603 714 flt
628 651 817 729 generatim
841 650 879 712 in
905 651 1073 730 paroeciis
1098 649 1206 712 nimia
1231 653 1438 729 paupertate

235 755 464 835 angustiaque
484 753 551 816 loci
572 753 963 832 laborantibus-magis
984 757 1100 815 tamen
1122 752 1324 815 conveniens
1345 753 1437 816 foret

235 858 353 920 eadem
376 847 516 919 co'mitia
539 872 701 935 peragere
723 855 760 916 in
783 855 883 917 domo
906 854 1097 933 parochiali
1119 855 1173 917 vel
1195 853 1313 932 aliqua
1336 853 1436 915 domo

237 959 423 1023 adnexa.¹²⁸

505 1075 555 1152 (e)
584 1075 731 1154 (lainam
757 1075 916 1136 comitiis
940 1075 1173 1137 interveniunt

278 1193 409 1271 Regula
435 1191 586 1270 generali
612 1191 771 1255 comitiis
795 1192 1031 1255 interveniunt
1056 1209 1172 1255 omnes
1198 1192 1341 1271 sodales,
1368 1191 1437 1254 nisi

238 1295 311 1358 sint
330 1310 488 1372 expresse
508 1294 551 1356 ab
570 1294 648 1373 ipsa
670 1293 966 1356 confraternitate
985 1293 1125 1357 exclusi.

280 1395 487 1458 ordinarius
499 1413 559 1457 seu
571 1395 761 1475 Episcopus
774 1399 889 1474 potest
901 1412 962 1474 per
974 1413 1010 1457 se
1022 1395 1188 1475 ipsum,¹²⁴
1201 1396 1254 1456 vel
1266 1412 1327 1474 per
1339 1412 1438 1457 suum

237 1498 440 1576 Delegatum
464 1496 671 1559 intervenire
695 1502 730 1560 et
754 1495 916 1560 assistere
941 1496 1271 1575 congregationibus
1298 1496 1437 1559 confra-

238 1600 454 1678 ternitatum,
474 1601 510 1661 et
530 1599 753 1662 electionibus
773 1598 987 1677 Ohlcialium,
1009 1599 1109 1660 modo
1129 1615 1198 1659 non
1219 1598 1328 1662 faciat
1349 1598 1439 1660 novi·

237 1705 339 1764 tates.
387 1701 608 1762 Declaratum
636 1700 698 1761 hoc
722 1700 793 1762 fuit
819 1718 841 1763 a
869 1699 976 1762 Sacra
1003 1700 1275 1778 congregatione
1301 1699 1438 1778 Episco

237 1820 359 1882 porum
374 1806 409 1865 et
424 1802 699 1881 Regularium.¹²⁶

281 1906 354 1967 Imo
371 1909 485 1982 potest
499 1904 690 1983 Episcopus
707 1921 767 1982 per
784 1923 820 1966 se
834 1905 958 1983 ipsum,
974 1904 1026 1966 vel
1042 1923 1218 1984 persuum
1235 1905 1438 1983 Delegatum

237 2006 445 2069 intervenire
474 2009 510 2069 et
538 2006 701 2068 assistere
731 2006 1066 2069 Confraternitatum
1097 2007 1437 2087 Congregationibus,

237 2109 375 2170 etiamsi
398 2109 484 2170 fiant
505 2108 543 2169 in
564 2108 716 2170 ecclesiis
738 2109 791 2170 vel
813 2109 976 2171 oratoriis
999 2109 1231 2187 Regularium,
1254 2110 1292 2170 in
1315 2111 1438 2188 quibus

238 2210 459 2290 reperiuntur
471 2213 604 2272 erectae
618 2209 817 2287 Societates,
832 2210 958 2288 absque
970 2228 1010 2272 eo
1023 2212 1113 2289 quod
1127 2211 1237 2289 possit
1250 2211 1438 2274 excludi.²²⁶

282 2312 613 2389 Subintelligendum
645 2315 708 2389 est,
739 2312 828 2390 quod
861 2313 997 2390 quando
1029 2312 1220 2390 Episcopus
1252 2312 1438 2375 intervenit

239 2414 397 2477 Comitiis
416 2415 521 2476 datur
537 2413 606 2493 ipsi
626 2429 729 2493 super
748 2431 863 2475 omnes
883 2415 1132 2492 praecedentia.
1198 2409 1204 2414 ’

279 2517 455 2579 Parochus
493 2518 619 2593 autem,
658 2515 712 2577 uti
751 2516 930 2593 parochus,
971 2533 1039 2577 non
1079 2520 1192 2594 potest
1232 2516 1439 2579 intervenire
1473 2544 1481 2566 ·

239 2618 407 2696 comitiis,
430 2635 538 2696 neque
559 2617 604 2678 iia
628 2634 715 2696 quae
738 2618 826 2679 fiunt
850 2617 887 2677 in
910 2635 974 2679 sua
996 2618 1139 2680 ecclesia
1162 2619 1352 2697 parochiali
1375 2637 1438 2698 pro

239 2719 594 2782 Confraternitatihua
633 2719 681 2780 ibi
721 2719 832 2780 sedem
871 2719 1086 2797 habentibus,
1124 2721 1262 2798 dempto
1301 2725 1438 2783 tantum

239 2839 321 2884 casu
337 2823 427 2900 quod
442 2825 477 2883 et
492 2821 566 2900 ipre
580 2820 628 2882 sit
643 2821 829 2882 membrum
847 2820 1165 2899 confraternitatis,
1183 2823 1235 2883 vel
1252 2823 1438 2900 Delegatus

238 2923 411 3002 Episcopi.
461 2925 564 2984 Patet
592 2921 654 2983 hoc
682 2939 723 2984 ex
750 2922 970 2999 responsione
1000 2922 1126 2985 Sacrae
1155 2923 1438 3002 Congregationis

240 3024 386 3087 concilii
406 3025 551 3085 Decreto
572 3023 697 3085 “Urbis
717 3026 752 3085 et
772 3023 883 3101 Orbis,
905 3025 987 3085 anni
1009 3024 1101 3102 1705,
1122 3025 1313 3087 ad3o-u1n:

278 3128 354 3187 “An
367 3125 680 3187 confraternitates
735 3124 805 3186 sive
818 3126 890 3187 sint
901 3129 1034 3187 erectae
1046 3126 1083 3187 in
1095 3126 1237 3190 ecclesia
1248 3126 1439 3206 parochiali

239 3228 310 3290 sive
331 3231 439 3304 extra,
462 3226 750 3304 Congregationes
772 3245 853 3289 suas
875 3228 997 3305 iacere,
1021 3228 1147 3306 absque
1167 3229 1364 3290 interventu
1386 3230 1439 3292 vel

239 3329 381 3391 licentia
424 3328 564 3407 parochi
608 3328 742 3407 possint
750 3329 1020 3405 ?-Responsum
1065 3329 1152 3391 fuit:
1216 3331 1440 3409 Affirmotive,

240 3433 420 3494 dommodo
437 3449 506 3492 noo
521 3430 712 3509 impediant
727 3431 923 3508 fonctiones
939 3433 991 3496 oet
1008 3431 1125 3492 divino
1143 3432 1283 3508 officia?
1375 3505 1377 3507 ¹

283 3533 383 3595 circa
407 3533 544 3593 modum
570 3531 798 3593 adhibendum
823 3532 860 3592 in
888 3531 1064 3593 Sodalium
1091 3533 1332 3595 convocatione
1357 3535 1439 3596 haec

240 3634 402 3696 adnotari
420 3637 565 3711 oportet,
585 3634 674 3711 quod
695 3633 750 3695 hic
770 3634 890 3694 modus
908 3633 1063 3695 diversus
1083 3637 1136 3696 est
1156 3651 1218 3712 pro
1239 3635 1441 3697 diversitate

240 3736 389 3799 comitii:
412 3737 502 3798 alius
524 3739 577 3796 est
598 3735 688 3797 enim
709 3752 772 3811 pro
790 3735 1034 3824 convocatione
1058 3736 1189 3797 comitii
1212 3738 1381 3799 ordinarii
1405 3742 1440 3800 et

241 3839 332 3902 alius
356 3855 418 3916 pro
443 3831 695 3899 convocatione
708 3836 838 3899 comitii
863 3837 1153 3908 extra-ordinarii.
1198 3838 1266 3899 Per
1292 3839 1441 3901 comitia

240 3958 343 4020 porro
372 3939 549 4001 ordinaria
577 3938 822 4015 intelliguntur
849 3955 890 4001 ea
919 3956 1005 4016 quae
1035 3938 1204 4000 habentur
1234 3941 1441 4017 regulariter

241 4029 345 4104 certis
362 4041 506 4103 statutis
522 4040 651 4117 diebus,
668 4057 718 4101 ex.
737 4057 786 4117 gr.
804 4057 1008 4117 unaquaque
1025 4039 1137 4118 prima
1155 4041 1336 4104 Dominica
1354 4042 1441 4104 men·

275 4241 302 4267 ¹²¹
314 4239 341 4288 S.
360 4238 501 4296 congreg.
520 4237 553 4287 in
571 4235 773 4294 Balneoreglo.
791 4236 825 4286 26
844 4237 972 4294 Augusti
992 4236 1070 4287 1769.

275 4309 303 4333 ¹²⁴
313 4307 341 4357 S.
357 4307 388 4357 C.
404 4306 434 4356 c.
451 4304 484 4355 in
499 4305 656 4362 Asculana,
674 4304 722 4355 die
738 4306 771 4354 24
788 4304 891 4354 Martii
908 4305 985 4355 1725.

275 4377 302 4403 ¹¹·
313 4375 341 4425 S.
358 4375 500 4433 congreg.
519 4373 599 4432 Epis.
617 4378 648 4425 et
665 4373 735 4432 Reg.
754 4373 802 4424 die
820 4375 836 4424 1
853 4374 924 4432 Apr.
943 4373 1020 4425 159⁶.

269 4443 457 4501 ῃἛιιιϊειιε,
476 4454 522 4501 op.
541 4441 590 4494 cit.
610 4454 690 4514 num.
710 4443 770 4494 145.
