3336 5166
277 433 316 494 98
534 437 586 496 De
604 435 944 511 Oosffrutmituts'bao
958 436 1203 498 decurtasticts

327 634 377 714 (o)
406 633 617 699 Sodalitates
647 635 712 699 sub
740 635 847 698 titulo
875 637 916 699 Β.
945 636 1078 712 Mariae
1108 637 1265 716 Virginis
1294 655 1316 699 o
1346 639 1480 716 Salute,

278 753 410 800 assoon
425 737 461 800 S.
476 737 621 816 Josepus·
637 738 789 818 eiusdem
804 738 943 817 sponsi,
959 743 994 801 et
1010 739 1133 802 Sancti
1150 739 1288 801 Omntlli
1305 741 1346 802 de
1362 740 1481 818 Lollio,

278 855 366 918 quae
377 839 471 918 item,
484 842 525 902 ut
536 837 764 918 indulgentiis
775 838 958 919 gaudeant,
971 856 1034 919 per
1045 839 1263 903 Praefectum
1278 839 1480 903 Generalem

277 940 488 1004 clericorum
506 940 729 1020 Regularium
748 940 895 1004 infirmis
915 942 1202 1020 Ministrantium,
1221 943 1361 1006 obtento
1380 943 1478 1022 prius

278 1043 649 1106 Reverendissimorum
665 1035 929 1106 ordinariorum
947 1060 1124 1122 consensu,
1142 1045 1379 1123 aggregandas
1396 1049 1480 1107 sunt

168 1215 170 1220 ,
278 1143 566 1207 Archisodalitati
586 1145 760 1207 Romanae
778 1144 941 1206 existenti
960 1145 999 1206 in
1018 1143 1161 1208 ecclesia
1182 1144 1216 1208 S.
1237 1144 1369 1208 Mariae
1389 1145 1480 1222 Mag·

278 1248 421 1310 dalenae
439 1245 700 1325 poententisff¹⁸

325 1350 381 1428 (d)
410 1347 621 1411 Sodalitates
648 1348 712 1410 sub
738 1347 845 1411 titulo
871 1351 906 1410 et
933 1349 1149 1410 invocatione
1173 1349 1215 1411 Β.
1242 1349 1375 1412 Mortuo
1404 1350 1478 1411 Vir·

277 1451 370 1532 pinis
386 1453 429 1513 de
446 1451 617 1530 Perpetuo
634 1450 808 1513 Seouerou
822 1455 858 1512 et
873 1450 908 1513 S.
924 1451 1095 1528 alphonsi
1110 1452 1152 1513 de
1169 1450 1319 1529 ligario,
1334 1468 1421 1530 quae
1437 1453 1478 1512 ut

277 1552 505 1631 indulgentiis
529 1551 765 1630 pertruantur,
789 1569 851 1632 per
874 1552 1091 1630 Superiorem
1116 1553 1316 1616 Generalem
1341 1555 1375 1615 et
1399 1553 1478 1614 Rec-

277 1659 387 1718 torem
408 1653 575 1733 Maiorem
595 1653 878 1733 Gongregationis
900 1654 961 1717 SS.
983 1638 1221 1734 Redemptoris
1242 1658 1477 1735 aggregandas

277 1760 361 1820 sunt
376 1756 665 1819 Archisodalitati
680 1755 833 1834 eiusdem
849 1755 998 1818 nominis
1014 1760 1148 1819 erectae
1164 1757 1203 1818 in
1219 1758 1361 1820 ecclesia
1379 1760 1424 1821 ad
1442 1757 1475 1820 S.

278 1859 492 1937 Alphonsum
512 1857 550 1920 in
567 1856 713 1920 Urbe²²⁴

325 1960 376 2038 (e)
405 1957 616 2022 Sodalltates
644 1959 708 2021 sub
735 1958 841 2021 titulo
868 1959 909 2021 Β.
937 1959 1071 2022 Mariae
1099 1959 1255 2038 Virginis
1282 1961 1321 2022 in
1348 1962 1476 2023 eoelum

277 2066 475 2141 assumptae
492 2061 537 2124 ad
553 2060 723 2140 juvandas
740 2061 873 2124 animas
891 2061 1091 2138 Purgatorii
1108 2061 1187 2140 igne
1204 2062 1372 2140 detentas,
1391 2077 1477 2141 quac

278 2163 437 2242 deinceps
471 2157 541 2226 non
575 2166 739 2241 poterunt
772 2161 921 2241 amplius
956 2162 1183 2241 indulgentiis
1217 2165 1253 2225 et
1288 2163 1477 2242 privilegiis

277 2265 395 2346 potiri,
423 2265 493 2327 nisi
519 2282 541 2327 a
567 2265 798 2327 Procuratore
824 2264 986 2327 Generali
1015 2263 1298 2344 congregationis
1327 2264 1388 2327 ΕΒ.
1417 2266 1476 2328 Re

278 2367 477 2447 demptoris,
496 2366 648 2430 obtentis
668 2366 765 2444 prius
785 2365 964 2428 Ordinarii
985 2366 1053 2427 loci
1073 2383 1240 2428 consensu
1261 2365 1403 2444 eiusque
1422 2367 1477 2428 lit·

276 2469 362 2532 teris
382 2468 684 2546 testimonialibus,
704 2472 910 2546 aggregatae
929 2468 1062 2530 tuerint
1082 2467 1370 2531 Archisodelitati
1391 2469 1477 2548 eius·

279 2571 355 2635 dem
395 2570 493 2634 tituli
535 2570 573 2631 in
613 2569 757 2633 ecclesia
800 2569 834 2632 S.
875 2569 1008 2632 Mariae
1048 2571 1151 2648 vulgo
1191 2571 1234 2632 de
1276 2571 1477 2633 Monterooe

276 2672 492 2736 existenti.²²⁵

319 2775 349 2838 5.
372 2775 568 2837 Theodorus
586 2791 609 2837 a
629 2774 765 2854 Spiritu
786 2773 923 2853 Sancto,
945 2773 1037 2837 circa
1057 2774 1261 2838 erectionem
1283 2774 1476 2840 Oonlrater·

278 2876 428 2939 nitatum
461 2893 503 2938 ex
536 2879 636 2956 parte
668 2875 891 2955 Regularium
924 2879 960 2938 et
993 2876 1269 2955 aggregationem
1302 2893 1344 2938 cx
1378 2879 1476 2956 parte

276 2978 499 3057 Regularium
515 2994 555 3040 ec
570 2978 846 3056 aggregationem
861 2981 1018 3056 exparte
1031 2976 1475 3054 Archiconiraternitatum‚

277 3080 359 3142 haec
381 3076 704 3159 habam-Observa,
726 3079 931 3158 Religiones,
954 3078 1100 3142 Ordines
1121 3083 1158 3143 et
1178 3079 1353 3158 regularia
1375 3080 1475 3142 Insti-

277 3185 356 3244 tuta
377 3198 446 3242 non
466 3181 675 3259 aggregandi
695 3181 898 3244 facultatem
919 3180 1052 3259 habere,
1072 3182 1132 3243 sed
1152 3181 1306 3260 erigendi
1324 3184 1360 3245 et
1380 3181 1476 3244 insti·

276 3282 398 3346 tuendi
412 3282 641 3346 saecularium
656 3281 970 3345 Oonlratcrnitates
985 3286 1022 3345 at
1034 3282 1333 3361 congregationes.
1360 3281 1475 3344 Archi-

278 3383 584 3448 coniraternitates
606 3388 746 3447 econtra
768 3387 805 3447 et
828 3383 1117 3463 congregationes
1139 3384 1350 3447 diversorum
1374 3385 1476 3448 nomi·

197 3503 199 3507 ·
278 3503 359 3548 num
380 3489 416 3549 et
435 3486 677 3549 institutorum
698 3502 768 3548 non
788 3485 941 3565 erigendi
962 3489 997 3548 at
1018 3485 1226 3549 instituendi
1246 3491 1394 3565 tantum,
1417 3487 1477 3550 sed

277 3591 408 3651 erectas
421 3588 492 3667 jam
508 3590 545 3650 et
557 3587 742 3650 institutas
757 3587 1018 3666 aggregandi.¹²⁸

319 3689 528 3768 Huiusmodi
549 3678 709 3752 doctrma
727 3688 837 3752 videri
857 3691 973 3768 posset
992 3688 1224 3768 exceptionem
1245 3689 1331 3770 pati,
1351 3693 1387 3752 et
1408 3707 1476 3753 non

205 3845 207 3852 ,
277 3793 373 3856 deest
390 3791 449 3869 qui
465 3792 518 3854 ita
535 3791 673 3854 sentiat.
712 3792 801 3853 Nam
817 3790 911 3853 inter
928 3789 1101 3868 regularia
1119 3790 1285 3854 instituta
1302 3791 1476 3854 inveniun-

277 3896 338 3956 tur
358 3892 534 3971 quaedam,
555 3909 642 3971 quae
661 3908 778 3955 revera
800 3891 1114 3955 Oontraternitates
1135 3909 1217 3955 suas
1239 3893 1476 3958 tantammodo

278 3986 426 4075 origem,
452 3998 494 4057 ut
519 3997 602 4057 sunt
629 3993 822 4071 l'rinitarii,
848 3992 1077 4072 Dominicani‚
1105 3993 1312 4056 Carmelitae
1339 3996 1374 4057 et
1403 3993 1476 4056 Ser·

310 4191 340 4288 ἒξ
348 4190 538 4248 Rescriptum
552 4189 586 4240 1o
601 4189 768 4246 Νοι.1887.
783 4190 861 4248 apud
875 4190 940 4242 Act.
957 4189 985 4241 S.
1002 4188 1095 4246 Sedis,
1109 4190 1168 4240 rol.
1183 4189 1234 4241 cit.
1248 4201 1314 4250 pag.
1329 4188 1390 4242 367.

242 4354 244 4360 ·
270 4386 276 4400 Γ
311 4256 918 4386 ¹¹¹32:3¹1&ssssziffgldnllmfgitlfcaoerffi
933 4258 1127 4378 {Iaguffl'teu
1150 4327 1251 4380 Theoi
1275 4331 1346 4380 tom.
1369 4327 1473 4386 xxiv,

243 4395 568 4591 ἑξέίᾔῖῖᾱοιιῆι
584 4476 603 4515 a
619 4463 735 4523 Spiritu
752 4464 994 4517 Sancto-'liram
1012 4466 1147 4524 Dogmat.
1164 4465 1288 4517 moralis
1306 4466 1341 4518 ds
1359 4465 1472 4526 Indulg.
