3336 5166
874 169 880 206 l

520 318 571 376 De
586 315 926 391 Ooatrotemitotiboc
938 317 1181 381 ecelesiasticis
1397 319 1453 376 119

251 515 294 576 de
314 530 481 576 consensu
501 513 690 594 Ordinarii,
711 515 846 580 licitum
867 520 920 582 est
941 515 1150 580 lionislibus
1171 518 1248 597 pias
1269 517 1452 582 societates

251 617 436 680 instituere
460 632 523 696 pro
549 617 682 696 seipsis,
708 634 773 697 pro
798 617 879 680 suis*
898 617 1039 681 novitiis
1066 615 1339 698 mulieribusque
1359 619 1452 697 apud

250 735 309 780 eas
333 717 632 797 commorantibus,
655 736 786 782 necnon
809 736 873 799 pro
896 721 1046 785 alumnis
1070 721 1215 801 aliisque
1239 722 1364 799 puellis
1387 724 1451 786 sub

251 820 391 884 illarum
404 821 592 884 directione
604 824 639 886 et
652 821 863 901 educatione,
877 839 964 906 quae
976 827 1096 903 postea
1109 835 1242 904 semper
1255 824 1451 903 adscriptae

251 923 481 987 remanent.²⁹⁴

292 1025 340 1088 llt
371 1025 478 1088 Sacra
509 1024 739 1104 congregatio
771 1026 1070 1105 Indulgentiarum
1101 1027 1191 1090 idem
1224 1027 1451 1104 confirmavit,

250 1129 341 1206 quod
373 1126 564 1191 Concilium
595 1127 690 1190 Pleu.
722 1128 835 1191 Amer.
866 1129 942 1191 Lat.
975 1128 1129 1206 dixerat3
1160 1129 1329 1192 concessit
1359 1129 1451 1191 enim

250 1229 436 1310 aliquando
447 1229 683 1308 indulgentlas
695 1229 763 1310 piis
775 1230 1020 1295 sodalitatibus
1032 1231 1070 1292 in
1081 1231 1234 1294 ecclesiis
1247 1231 1450 1294 Monialium

250 1348 314 1412 pro
337 1332 493 1412 personis
515 1333 697 1412 ipsiusmet
720 1333 841 1395 domus
865 1333 998 1396 erectis.
1042 1333 1163 1396 Videri
1186 1334 1250 1396 hoc
1275 1337 1388 1412 potest
1412 1334 1467 1396 in*

250 1433 396 1498 Decreto
412 1434 611 1498 authentico
627 1452 660 1496 n.
677 1434 736 1496 42:

292 1550 376 1613 1122
418 1551 457 1612 11
480 1550 565 1629 Mali
609 1549 730 1613 Oratio
750 1551 791 1612 40
812 1551 986 1614 Horarum
1005 1551 1044 1614 in
1063 1552 1216 1616 ecclesiis
1236 1552 1450 1617 Monialium.

294 1667 456 1747 Ohiapen.
497 1667 659 1742 Quamvis
679 1667 716 1728 in
735 1686 828 1730 more
848 1669 998 1746 positum
1018 1669 1075 1747 sit,
1095 1669 1132 1754 in
1151 1669 1303 1732 ecclesiis
1323 1670 1449 1732 Monia-

250 1769 336 1831 lium
354 1787 417 1849 pro
435 1769 648 1848 expositione
665 1769 881 1832 Venerabilis
902 1769 1016 1832 nullas
1035 1789 1195 1850 umquam
1214 1771 1449 1850 indulgentias

249 1872 440 1950 concedere,
458 1871 574 1934 tamen
593 1871 871 1935 confraternitas
887 1873 950 1936 sub
967 1873 1073 1936 titulo
1091 1873 1131 1937 B.
1150 1874 1196 1936 Μ,
1213 1875 1255 1936 V.
1273 1874 1315 1937 de
1333 1876 1450 1937 Monte

249 1971 406 2037 Garmelo
432 1977 546 2036 erecta
573 1973 611 2035 in
638 1973 780 2037 11111111
809 1973 1131 2036 Sanctimonialium
1160 1975 1449 2038 Annuntiationis

248 2075 400 2154 eiusdem
420 2075 460 2137 Β.
480 2077 526 2139 Μ.
545 2077 587 2138 V.
607 2073 761 2142 civitatis
781 2075 951 2156 (lhiapen.⁸
964 2076 1002 2138 in
1023 2077 1144 2156 Indiis,
1165 2076 1343 2139 humiliter
1361 2077 1450 2155 petit

249 2175 483 2256 indulgentias
504 2176 643 2240 concedi
663 2177 786 2241 solitas
807 2195 870 2257 pro
890 2177 1107 2241 1111111140
1127 2179 1289 2241 horarum
1311 2179 1450 2241 nonnisi

248 2279 360 2342 111111
383 2283 535 2358 ternpore
557 2278 847 2358 interpolatarum
868 2281 912 2342 ab
934 2279 1012 2359 ipsa
1034 2280 1072 2342 in
1095 2285 1283 2344 memorata
1305 2281 1449 2344 ecclesia

249 2383 352 2444 semel
373 2382 411 2443 in
434 2398 525 2445 anno
545 2381 770 2459 instituenda,
793 2385 867 2444 turn
891 2382 936 2444 ad
959 2382 1149 2460 augendam
1173 2381 1449 2444 christifidelium

248 2483 422 2564 pietatem,
449 2487 524 2546 tum
552 2483 634 2562 quia
661 2484 835 2546 interdum
864 2484 1001 2562 accidit,
1030 2487 1070 2546 11
1099 2484 1243 2562 gentiles
1264 2501 1449 2549 ,sacrarum

163 2581 165 2592 '
249 2586 465 2648 functionum
487 2585 669 2665 maiestate
690 2585 839 2664 perculsi
860 2603 902 2648 ex
921 2585 1108 2648 idolatriae
1129 2586 1279 2648 tenebris
1301 2587 1346 2648 ad
1369 2584 1450 2648 fldei

247 2687 363 2751 lumen
377 2691 570 2750 evocentur.
608 2687 825 2766 Quapropter
840 2687 1051 2766 exquiritur:
1089 2688 1145 2750 An
1160 2687 1198 2749 in
1214 2704 1307 2765 caru,
1324 2687 1366 2749 de
1382 2704 1449 2766 quo

248 2791 376 2869 agitur,
400 2789 636 2868 indulgentiae
662 2793 844 2852 consuetae
868 2790 909 2851 40
935 2790 1097 2852 horarum
1123 2790 1161 2851 in
1187 2788 1329 2852 ecclesia
1355 2805 1449 2867 prae

247 2893 420 2956 dictarum
437 2891 640 2955 Monialium
657 2892 794 2955 concedi
811 2892 957 2954 debeant
963 2891 1130 2954 ’.θ-81111
1148 2889 1376 2969 Oongregatio
1393 2891 1449 2952 die

249 2997 288 3056 11
306 2993 394 3073 Maji
411 2995 494 3057 1822
512 2993 707 3072 respondit:
746 2995 815 3056 Pro
832 2993 956 3072 gratiis
975 2994 1020 3057 ad
1038 2991 1230 3072 quindecim
1249 3008 1368 3054 annos.

290 3097 420 3176 Vigens
439 3097 584 3176 denique
602 3095 786 3172 disciplina
807 3094 899 3158 clare
918 3094 1148 3158 determinata
1169 3095 1239 3156 luit
1258 3112 1319 3172 per
1339 3095 1448 3156 decre·

246 3201 322 3260 tum
340 3197 466 3260 Sacrae
481 3197 765 3276 Oougregationis
780 3197 1028 3275 Episcopornm
1044 3200 1079 3259 et
1095 3195 1318 3274 Regularium
1335 3196 1391 3259 dle
1407 3195 1449 3258 18

247 3298 410 3363 Januarii
426 3299 519 3362 1907.

289 3402 400 3465 Juxta
422 3401 501 3463 illul
525 3403 717 3480 Decretum,
740 3401 779 3464 in
801 3400 953 3464 ecclesiia
977 3398 1238 3478 Religiosarum,
1261 3403 1334 3467 tam
1358 3403 1448 3462 voto

247 3519 324 3566 rum
345 3503 547 3566 solemnium
567 3520 670 3582 quam
691 3501 916 3581 simplicium:

295 3606 348 3684 (ol
376 3606 455 3669 Non
467 3609 631 3684 poterunt
644 3604 792 3684 amplius
805 3603 946 3668 institui
961 3601 1274 3667 confraternitates
1287 3601 1449 3682 propriae

247 3709 362 3773 dictae
383 3709 429 3772 od
451 3708 589 3770 modum
611 3707 765 3786 organici
787 3706 941 3785 eorporis
964 3706 1191 3768 constittaoe:

300 3809 353 3886 (b)
381 3811 551 3874 Poterunt
571 3814 688 3872 tamen
708 3809 859 3887 institui,
881 3806 1028 3871 servatis
1049 3805 1236 3884 servandis,
1260 3805 1338 3884 piae
1359 3821 1449 3869 asso·

247 3911 414 3976 ciationes
431 3927 519 3992 quae
535 3927 576 3974 ex
593 3910 794 3975 mulieribus
811 3913 950 3973 tantum
968 3912 1147 3987 constant3

295 4013 346 4092 (e)
375 4011 414 4078 si
434 4017 562 4092 agatur
581 4029 661 4076 vero
682 4013 724 4076 de
745 4011 814 4096 piis
836 4010 1122 4077 associationibus
1144 4009 1325 4087 utriusque
1346 4024 1448 4072 sexus

246 4115 428 4196 erigendis,
448 4133 503 4180 res
523 4115 716 4178 remittitur
734 4113 897 4194 prudenti
915 4111 1047 4193 iudicio
1066 4129 1107 4176 ac
1126 4111 1331 4192 prudentiae
1350 4108 1447 4173 Ordi-

246 4217 349 4298 narii,
375 4235 421 4282 11
446 4217 678 4298 permittenda
703 4217 751 4282 sit
777 4233 903 4296 necque
928 4214 1077 4293 alicuius
1105 4212 1310 4278 Sodalltatls
1335 4211 1374 4274 in
1399 4227 1448 4274 ec·

246 4321 352 4386 111111
366 4320 570 4412 Martialium
586 4318 723 4383 erectio.
1326 4335 1329 4342 ¹
1425 4347 1426 4350 =

247 4439 477 4531 Ma
498 4464 680 4524 audenda.
703 4474 768 4525 aas.
791 4461 852 4516 sss.
