3340 5170
235 456 273 514 ὅθ
492 459 542 516 Dc
561 457 900 531 vestrateruttotibue
915 460 1158 519 Ecclesiasticie

277 649 308 709 4.
330 649 429 723 Quod
449 652 585 712 statuta
605 649 913 722 Ooniraternitatis
934 651 1174 714 examinentur
1194 656 1229 715 et
1251 654 1434 732 approben-

236 754 295 812 tur
308 751 351 812 ab
364 740 549 813 Ordinario
561 751 627 813 loci
639 756 676 814 et
687 752 731 814 ab
742 752 859 814 eodem
871 752 998 833 corrigi
1010 755 1163 833 possunt

278 854 307 914 5.
331 854 428 928 Quod
456 855 589 932 gratiae
614 860 649 916 et
675 855 909 932 indulgentiae
937 857 1226 919 confraternitati
1254 857 1434 920 communi·

235 959 334 1017 catae
349 955 490 1033 praevia
506 956 700 1034 cognitione
715 957 893 1020 Ordinarii
909 959 1090 1021 dumtaxat
1106 960 1375 1038 promulgentur.

278 1057 307 1118 6.
330 1057 429 1131 Quod
445 1057 723 1121 Oontrateruitas
739 1060 968 1139 eleemosynas
984 1061 1135 1140 excipiat
1151 1065 1186 1124 et
1202 1066 1318 1141 eroget
1333 1062 1434 1140 juxta
1476 1072 1479 1075 ’

234 1159 381 1221 formam
403 1176 464 1238 per
485 1159 708 1222 Ordinarium
730 1162 1036 1238 praescribendam.

278 1263 308 1323 7.
328 1255 429 1335 ‘Quod
452 1261 592 1325 litterae
615 1263 797 1325 erectionis
822 1267 857 1325 et
881 1264 1135 1342 aggregationis
1161 1265 1298 1327 nonnisi
1324 1266 1434 1343 gratis

236 1363 373 1425 omnino
391 1380 431 1426 ac
448 1364 546 1426 nulla
562 1381 704 1442 prorsus
721 1366 872 1427 mercede
888 1367 992 1429 etiam
1010 1384 1031 1428 a
1050 1370 1172 1444 sponte
1189 1367 1352 1429 dantibus
1371 1367 1433 1428 sub

235 1468 417 1543 praetextu
439 1482 551 1527 merae
572 1467 802 1544 eleemosynae
823 1472 974 1546 accepta,
996 1469 1149 1546 expediri
1171 1474 1206 1531 et
1228 1469 1376 1545 concedi,
1398 1472 1433 1530 et

236 1568 447 1628 solummodo
470 1567 575 1629 titulo
598 1585 823 1646 expensarum
848 1586 911 1648 pro
935 1587 1149 1648 pergamena,
1173 1571 1358 1649 scriptura,
1382 1571 1436 1632 vel

234 1669 470 1747 impressionis
499 1669 681 1748 stipendio,
712 1667 903 1748 sigillorum
932 1671 1100 1750 expensis,
1130 1672 1315 1750 chordulis,
1346 1689 1433 1749 cera,

237 1769 421 1832 Secretarii
439 1771 642 1859 Notariiquc
657 1772 774 1834 labore
790 1772 841 1834 vel
857 1773 1009 1835 mercede
1026 1769 1171 1850 aliisque
1187 1774 1343 1834 omnibus
1360 1790 1436 1835 eam

236 1873 466 1951 quantitatem
505 1890 591 1952 quae
630 1891 699 1934 non
735 1875 877 1959 excedat
916 1892 1083 1937 summam
1122 1878 1336 1938 scutatorum
1376 1893 1435 1938 sex

237 1979 393 2040 monetae
410 1978 571 2037 romanae
588 1976 626 2036 in
644 1976 761 2054 Italia,
778 1981 813 2038 et
831 1981 929 2039 extra
948 1978 1088 2039 Italiam
1106 1995 1174 2039 non
1190 1980 1332 2041 excedat
1348 1996 1434 2043 sum·

235 2094 325 2138 mam
339 2077 440 2155 vulgo
453 2077 570 2155 francs
585 2077 732 2155 triginta
746 2096 808 2157 pro
823 2079 960 2156 singula
974 2079 1196 2142 institutione
1210 2080 1262 2142 vel
1275 2097 1433 2158 aggrega·

235 2178 330 2241 tione
347 2179 400 2240 vel
418 2179 676 2242 confirmatione
694 2179 844 2257 recipere
861 2181 974 2242 liceat.
1374 2191 1375 2194 ’

276 2281 306 2342 8.
329 2281 427 2353 Quod
452 2281 589 2359 singula
612 2282 675 2345 hic·
691 2283 855 2344 mandata
878 2286 913 2344 ct
937 2300 1096 2361 expressa
1120 2283 1158 2344 in
1180 2284 1338 2345 omnibus
1361 2285 1434 2345 suis

235 2383 393 2461 partibus
413 2383 561 2446 fideliter
580 2385 811 2462 observentur,
831 2401 927 2447 secus
947 2385 1185 2447 institutiones
1205 2379 1259 2447 rel
1277 2403 1434 2464 aggrega-

234 2485 347 2547 tiones
373 2489 408 2547 et
434 2487 757 2548 communicationes
783 2486 1045 2564 Privilegiorum
1072 2491 1107 2549 et
1135 2487 1434 2565 Indulgentiarum

235 2587 366 2650 nullius
385 2586 457 2649 sint
476 2588 608 2650 roboris
626 2593 661 2650 et
680 2589 852 2666 momenti,
871 2593 906 2651 et
925 2589 1069 2666 quilibet
1090 2589 1311 2668 Superiorum
1332 2594 1435 2667 atque

235 2673 439 2752 Officialium
466 2689 693 2768 privationem
723 2689 916 2752 Officiorum
946 2708 1032 2768 quae
1060 2691 1226 2780 obtinent,
1256 2696 1358 2769 atque
1387 2692 1434 2751 in·

236 2791 431 2854 habilitatis
455 2793 500 2853 ad
523 2791 586 2853 illa
607 2796 643 2853 et
667 2792 737 2853 alia
760 2792 797 2853 iu
821 2796 994 2871 posterum
1019 2793 1204 2855 obtinenda
1228 2810 1371 2871 poenam
1395 2810 1435 2854 eo

235 2893 311 2972 ipso
327 2893 520 2970 incurrant,
538 2911 624 2970 quae
642 2893 684 2955 ab
702 2893 772 2954 alio
789 2911 890 2972 quam
909 2912 929 2956 a
948 2895 1100 2956 Romano
1119 2895 1286 2956 Pontifice
1303 2884 1436 2956 remitti

235 3012 304 3056 non
321 2995 440 3074 possit.
1143 3065 1144 3068 Ἴ
1280 3078 1283 3084 ¹
1329 3075 1331 3080 ,

279 3097 322 3156 In
345 3114 487 3174 quorum
511 3095 745 3159 testimonium
769 3098 832 3158 bas
854 3096 1006 3159 Litteras
1030 3097 1105 3159 fieri
1127 3102 1163 3158 et
1185 3115 1247 3176 per
1270 3099 1435 3160 Nostrum

237 3188 466 3261 Secretarium
502 3198 670 3261 subscribi
706 3201 741 3279 et
775 3199 945 3277 publicari
982 3184 1219 3261 mandavimus
1255 3199 1435 3278 sigilloque

235 3299 337 3362 officii
354 3300 465 3361 nostri
482 3299 638 3381 muniri..

277 3403 416 3480 Datum,
433 3405 496 3464 etc.
540 3402 559 3436 ’'
