3340 5170
715 711 865 776 GAPU’P
883 709 953 774 111.
985 727 986 730 ’

422 859 466 912 ns
484 863 659 912 resource
680 863 1036 913 coumrrsurrsruu
1060 857 1248 912 canonos!

278 999 347 1062 lus
366 996 607 1064 assodatiouis
627 997 771 1060 liberum
794 1003 848 1061 est
868 999 906 1060 iu
928 997 1093 1076 Ecclesia,
1115 1013 1223 1077 neque
1244 997 1437 1061 uecmserla

237 1103 291 1164 est
310 1100 475 1164 muouica
495 1100 639 1178 sanctio,
661 1100 719 1162 ubi
739 1099 856 1162 iideles
874 1099 1068 1163 desiderent
1088 1116 1162 1163 sese
1181 1099 1219 1162 in
1239 1099 1436 1162 wdetstsm

236 1201 442 1281 conjungere
455 1202 500 1264 sd
513 1201 655 1281 pietatis
669 1201 918 1281 charitatisque
931 1199 1041 1264 officia
1054 1200 1249 1265 obeunda.¹⁸

279 1303 560 1371 Ocurrateruitas
589 1303 731 1366 institui
760 1304 860 1366 debet
890 1303 935 1367 ab
965 1303 1177 1372 auctoritate
1204 1301 1432 1379 sceleratior,

237 1406 319 1486 quia
335 1411 389 1469 est
405 1422 529 1484 corpus
545 1403 675 1469 morale
691 1406 729 1468 in
745 1403 925 1484 ecdescia3
943 1421 1088 1484 corpora
1105 1408 1221 1468 autam
1238 1403 1384 1468 moralis
1400 1403 1438 1464 ln

237 1509 355 1588 eliqua
389 1507 554 1570 societate
587 1507 739 1586 legitime
772 1523 843 1570 nou
876 1510 1001 1570 cbeuut
1036 1505 1105 1568 uisi
1138 1521 1181 1569 ex
1215 1505 1438 1586 permlssioue

237 1609 459 1673 auctoritatis
477 1608 653 1672 socialis.”

279 1712 334 1776 Ab
370 1711 581 1776 auctoritate
616 1709 849 1782 ecclesiastica
885 1727 966 1789 ergo
1002 1709 1155 1774 ndeuum
1192 1709 1438 1773 associationes

238 1813 415 1894 accipiunt
441 1813 702 1891 subsistentias,
729 1829 817 1892 quae
843 1813 936 1890 apud
963 1812 1170 1876 canonistas
1197 1813 1341 1874 vocatur
1366 1825 1438 1890 per·

239 1916 408 1978 molitos
425 1916 586 1996 §urim
1384 1916 1386 1921 ’

281 2019 376 2081 Haec
391 2017 556 2080 canonica
572 2015 699 2081 erectio
714 2015 904 2096 requiritur
918 2020 1093 2095 tamquam
1111 2013 1264 2078 conditio
1279 2015 1437 2093 sineque

239 2135 318 2197 non,
348 2123 389 2182 ut
419 2118 699 2182 Oouiraternitas
727 2118 844 2198 aliqua
874 2117 944 2180 dici
974 2117 1085 2196 possit
1115 2117 1276 2181 mnonice
1306 2120 1437 2193 erecta;

239 2221 393 2301 alioquiu
411 2237 481 2282 non
500 2224 591 2284 esset
611 2219 889 2284 confraternitas
909 2220 1049 2298 proprio
1068 2236 1171 2282 seusu
1191 2219 1245 2282 uti
1264 2218 1359 2296 talis,
1378 2217 1438 2282 sed

239 2326 377 2386 tautum
414 2322 468 2385 uti
504 2321 689 2385 associatio
723 2320 991 2401 quaecumque.¹⁸
1049 2321 1270 2384 interventus
1306 2319 1438 2384 scilicet

240 2425 429 2504 requiritur
465 2424 686 2488 auctoritatis
723 2423 985 2501 ecclesiasticae,
1021 2439 1108 2502 quse
1143 2424 1186 2486 de
1221 2421 1439 2485 incitationis

239 2527 395 2590 bonitate
409 2526 551 2606 iudicet,
566 2543 641 2589 eam
658 2526 834 2606 approbet,
850 2525 984 2595 tribuat
1001 2525 1033 2588 ci
1050 2525 1281 2594 characterem
1299 2524 1439 2588 Oouira·

239 2628 429 2707 tenuitatis,
446 2628 543 2708 eique
560 2627 717 2692 conterat
732 2627 916 2707 iuridicam
934 2626 1226 2706 personalitatem.
1265 2627 1357 2690 Hiuc
1375 2629 1438 2703 est,

239 2731 330 2810 quod
357 2730 395 2793 iu
421 2729 635 2794 documentis
661 2729 880 2810 Apostoilcae
909 2729 1017 2807 Sedis,
1045 2729 1127 2791 dum
1155 2729 1274 2809 agitur
1301 2729 1343 2792 de
1370 2727 1440 2809 piis

242 2833 503 2911 sodalitatibus,
525 2832 652 2896 erectio
673 2832 838 2895 canonica
860 2848 992 2912 semper
1014 2831 1171 2894 absolute
1191 2831 1440 2918 praescribitur

240 2936 293 2998 vel
332 2934 541 3015 supponitur
580 2939 754 3014 tamquam
794 2934 946 2997 conditio
970 2934 1123 3022 'omniuo
1162 2932 1356 2996 sucessorio
1394 2933 1441 2998 od

243 3039 427 3101 leocados
441 3037 685 3116 icdolpeatios.
724 3035 856 3099 Sufflcst
871 3035 935 3098 hac
950 3052 1054 3114 super
1069 3051 1106 3098 re
1121 3033 1440 3098 conterre‘Olemen·

242 3139 290 3202 tis
305 3139 396 3200 VIII
413 3139 689 3202 Constitutonem
707 3139 994 3216 “Quaecumque''
1012 3137 1050 3200 iu
1066 3139 1283 3218 paragrapho
1300 3137 1441 3200 3:-“in

242 3240 388 3318 siugulis
411 3241 620 3317 civitatibus,
643 3240 780 3319 oppidis
800 3242 852 3303 vel
874 3241 969 3316 locis,
992 3258 1096 3303 uuam
1117 3241 1223 3304 etiam
1246 3240 1440 3304 Oontrater·

242 3343 386 3404 uitatem
417 3346 453 3405 et
484 3343 787 3421 Congregationem
818 3343 1010 3421 dumtaxat,
1040 3361 1127 3422 quae
1157 3341 1356 3422 Apostolica
1387 3343 1440 3407 rel

242 3443 428 3507 ordinaria
458 3444 668 3508 auctoritate
697 3444 794 3525 prius
822 3448 936 3508 erecta
989 3491 1059 3508 ...
1090 3445 1157 3507 sibi
1187 3445 1375 3524 adiungere
1403 3449 1439 3508 et

242 3547 421 3624 aggregari
437 3547 613 3626 possunt.”

285 3647 391 3711 Sacra
410 3649 514 3712 etiam
535 3648 762 3727 Oongregatio
782 3648 1080 3733 Indulgentiarum
1101 3648 1231 3728 pluries
1252 3648 1440 3712 declararit

242 3750 479 3813 necessitatem
511 3751 695 3814 canonicae
725 3751 907 3813 erectionis
939 3751 993 3812 his
1023 3751 1076 3813 vel
1108 3750 1279 3812 similibus
1310 3750 1439 3814 verbis:
1511 3758 1512 3761 ’

241 3852 454 3915 “Dummodo
472 3853 684 3916 sodalitates
703 3853 775 3914 siut
793 3853 954 3914 cononice
972 3853 1136 3916 erectoe.’'
1147 3851 1174 3886 ²⁹

284 3954 442 4017 Ceterum
468 3955 596 4017 veritas
622 3954 751 4017 clarius
776 3955 956 4032 apparebit
981 3971 1022 4016 ex
1048 3953 1211 4030 dicendis,
1237 3954 1439 4032 praesertim

243 4073 318 4118 cum
334 4074 444 4118 sermo
458 4057 525 4118 erit
540 4058 582 4119 de
597 4057 931 4118 Oouiraternitatum
947 4055 1189 4134 aggregatIone
1205 4055 1309 4118 elicui
1323 4055 1440 4118 Archi·

243 4158 524 4220 confraternitati
545 4159 696 4237 ejusdem
719 4158 866 4219 nominis
887 4161 922 4220 et
943 4157 1099 4220 instituti
1120 4158 1162 4219 ob
1182 4158 1282 4220 linem
1301 4157 1439 4220 fruendi

277 4323 364 4374 ”Leo
381 4321 456 4373 XIII
476 4320 509 4372 in
528 4318 653 4370 LItteris
673 4317 956 4376 “augustissimae”
976 4317 1010 4367 12
1031 4317 1110 4374 sept.
1130 4315 1228 4368 luta·

277 4393 295 4420 ¹¹
305 4391 406 4449 oietti,
424 4401 469 4449 op.
487 4389 536 4440 cit.
553 4388 586 4438 iu
603 4385 870 4446 psmgrepuo-Dc
887 4385 1035 4438 erectione
1054 4385 1351 4438 contraiernItatum

277 4459 387 4509 ”idem
408 4457 441 4508 lu
461 4456 563 4508 eodem
584 4454 779 4515 parampho.

277 4528 420 4579 ⁸'Deerat
437 4525 520 4577 autb.
537 4525 601 4576 NN.
619 4524 670 4576 298
686 4527 717 4576 et
734 4523 795 4575 32⁰.
