3336 5166
506 439 556 499 De
575 437 1174 513 000100100110111001100100100ιὶάο
1415 433 1453 494 tt

293 637 392 712 Quod
405 637 437 700 si
451 637 610 700 nonnulli
624 640 837 702 statutorum
851 637 993 700 articuli
1006 637 1123 717 aliqua
1139 638 1333 716 peragenda
1347 653 1452 715 opera

253 739 436 803 Sodalibus
449 739 640 818 imponant,
656 755 741 820 qaue
757 757 798 802 ee
811 739 998 817 Pontifices
1011 740 1225 802 concessione
1240 739 1356 801 ditatu
1370 741 1453 800 suat

250 842 489 921 indatpeotiis,
508 841 579 920 ipsi
598 845 774 920 tanlquam
794 841 994 904 essentiales
1014 840 1161 904 habendi
1182 844 1275 918 suot,
1295 844 1336 902 ut
1356 841 1453 902 nullo

251 945 352 1006 modo
364 943 495 1006 verimi
506 943 654 1022 possint,
666 959 710 1005 ne
721 942 788 1006 tali
802 941 979 1021 spirituali
993 941 1222 1005 emolumento
1232 939 1367 1006 sodales
1381 940 1453 1002 sint

251 1045 461 1109 fraudati.²¹1

259 1164 313 1240 (b)
339 1164 371 1224 A
401 1179 468 1243 quo
495 1161 736 1226 westendaet
765 1163 989 1242 approbanda
1016 1163 1089 1225 sint
1118 1161 1455 1242 confraternitatum

784 1268 921 1328 statuta
1017 1297 1018 1302 κ

293 1382 390 1448 licet
405 1382 619 1463 exsuperius
634 1381 739 1446 dictis
754 1386 891 1447 statuta
905 1401 974 1446 non
990 1384 1063 1448 sint
1078 1385 1235 1448 absolute
1250 1385 1453 1462 necessaria,
1531 1446 1533 1451 .

253 1485 400 1548 maxime
420 1487 537 1548 tamen
556 1483 661 1548 utilia
682 1489 891 1564 reputantur
911 1502 975 1565 pro
995 1484 1129 1548 meliori
1152 1485 1329 1551 Sodalium
1350 1486 1454 1549 direc-

253 1585 347 1649 tione
363 1603 404 1649 ac
420 1585 594 1666 regimine,
610 1585 664 1649 ita
679 1590 720 1649 ut
735 1586 808 1649 iere
823 1587 957 1666 concipi
973 1603 1043 1648 non
1059 1587 1170 1666 possit
1188 1586 1363 1650 sodalitas
1380 1587 1455 1650 sine

254 1688 327 1751 suis
353 1687 509 1752 statutis.
559 1688 603 1750 In
629 1687 776 1751 statutis
801 1689 891 1751 enim
918 1688 1096 1752 indicatur
1123 1688 1203 1751 finis
1229 1689 1454 1767 particularis

255 1789 575 1867 (loniraternitatis,
590 1793 811 1870 exponuntur
827 1789 939 1852 media
956 1791 1001 1852 ad
1017 1789 1117 1852 illum
1135 1790 1237 1852 finem
1254 1807 1455 1868 consequen-

255 1892 334 1954 dum
357 1895 451 1971 apta,
473 1894 680 1954 statuuntur
701 1892 840 1970 regulae
860 1907 923 1971 pro
945 1891 1173 1954 Moderatoris
1196 1909 1236 1954 ac
1259 1887 1455 1954 officialium

255 1993 429 2072 electione,
459 2011 522 2074 pro
551 1992 874 2075 congregationibus
904 1993 1126 2072 celebrandis,
1156 1997 1191 2056 et
1218 1994 1395 2072 bonorum,
1424 1993 1455 2057 si

255 2113 341 2175 quae
358 2095 559 2175 habeantur,
577 2095 889 2174 administratione,
904 2100 969 2158 etc.

297 2197 612 2260 confraternitates
638 2197 790 2276 legitime
815 2202 949 2260 erectae
974 2201 1119 2277 possunt
1144 2197 1256 2276 primo
1281 2198 1355 2260 loco
1381 2216 1455 2261 con·

255 2301 335 2362 dere
354 2302 490 2363 statuta
509 2302 545 2362 et
565 2297 810 2377 ordinationes,
830 2316 918 2378 quae
937 2303 1147 2361 concernunt
1167 2300 1361 2362 earumdem
1382 2317 1455 2362 con·

256 2399 524 2480 gregationes.¹²¹
578 2399 722 2464 Statuta
752 2400 834 2463 baec
865 2402 980 2464 autem
1010 2400 1240 2464 examinanda
1270 2404 1306 2464 et
1336 2419 1456 2480 appro-

256 2503 370 2566 banda
392 2503 475 2564 sunt
497 2502 540 2565 ab
562 2502 733 2582 Episcopo
754 2501 963 2579 dioecesano,
986 2505 1021 2564 et
1044 2501 1195 2581 ejusdem
1218 2503 1381 2582 Episcopi
1403 2505 1456 2566 de

257 2604 361 2666 cretis
383 2621 424 2668 ac
447 2604 675 2667 moderationi
698 2606 733 2667 et
756 2603 962 2666 correctioni
983 2603 1023 2665 in
1046 2604 1202 2666 omnibus
1226 2621 1360 2684 semper
1382 2605 1456 2668 sub·

256 2706 348 2785 jecta
369 2707 557 2768 remanent.
600 2706 704 2768 Patet
726 2705 789 2768 hoc
811 2723 853 2768 ex
876 2704 1133 2768 Constitutione
1155 2705 1340 2768 Clementis
1363 2706 1456 2767 VHI

257 2807 546 2886 “Quaecumque''
583 2806 800 2886 paragrapho
836 2807 911 2884 Vo,
949 2806 1008 2885 qui
1046 2806 1096 2868 sic
1135 2810 1253 2869 sonat:
1293 2805 1458 2869 “statuta

257 2912 372 2972 autem
399 2926 463 2988 pro
490 2908 655 2987 regimine
682 2908 861 2987 Ordinum,
889 2908 1116 2987 Religionum,
1144 2913 1180 2972 et
1209 2909 1456 2973 Institutorum

256 3011 472 3088 erigentium,
495 3013 531 3072 et
551 3010 810 3073 instituentium
834 3027 875 3073 ac
898 3009 1233 3089 communicantium,
1257 3027 1317 3074 seu
1340 3013 1457 3074 Archi-

257 3111 584 3176 contraternitatum
623 3115 660 3174 et
699 3110 1009 3191 Oongregationum
1050 3112 1312 3190 aggregantium
1352 3114 1456 3191 edita,

258 3213 612 3277 Oonlmternitatibus
627 3216 663 3276 et
679 3211 1018 3292 Oongregaiionibus,
1035 3214 1216 3292 erigendis,
1232 3214 1457 3278 instituendis

257 3319 293 3379 et
315 3315 553 3396 aggregandis,
576 3318 611 3377 et
633 3314 757 3392 quibus
782 3314 1106 3378 communicationes
1130 3314 1398 3394 privilegiorum,
1422 3321 1458 3379 et

258 3418 405 3480 aliorum
433 3417 688 3495 praedictorum
715 3415 814 3494 flunt,
840 3415 1013 3495 impertiri
1041 3433 1111 3478 non
1138 3417 1283 3496 possint,
1311 3417 1379 3479 nisi
1407 3434 1450 3481 ea

259 3519 357 3598 prius
377 3519 422 3582 ab
442 3518 613 3598 Episcopo
633 3518 843 3581 Dioeeesano
863 3517 1071 3597 examinata,
1093 3523 1129 3583 et
1151 3537 1213 3598 pro
1235 3520 1371 3583 ratione
1392 3521 1459 3583 loci

258 3621 450 3700 approbata
464 3619 607 3698 tuerint,
622 3637 710 3698 quae
724 3618 948 3682 nibilominus
963 3620 1116 3699 eiusdem
1132 3621 1278 3684 decretis
1295 3639 1336 3685 ac
1352 3622 1459 3683 mode

258 3722 386 3786 rationi
401 3725 437 3785 et
452 3720 657 3784 correctioni
673 3721 711 3783 in
728 3721 891 3784 omnibus·
902 3721 1058 3801 subiecta
1074 3724 1305 3786 remaneant.’'

302 3827 345 3886 In
367 3825 430 3887 hoc
452 3826 664 3903 argumento,
687 3824 818 3901 dequo
841 3823 969 3903 agitur,
992 3841 1061 3887 non
1083 3825 1151 3887 erit
1172 3825 1322 3889 tortasse
1345 3845 1458 3906 super·

261 3927 375 4004 fluum,
392 3943 531 3989 cansam
548 3924 698 3988 breviter
714 3925 843 3988 reterre
860 3925 1082 4003 apotetnaem
1101 3943 1204 4004 super
1220 3943 1317 4006 appr.
1336 3933 1459 3990 statut.

262 4030 331 4091 sod.
354 4029 395 4091 10
419 4026 629 4107 Septembris
652 4027 1052 4104 1852‚et16.1enuarii
1076 4028 1168 4092 1854.
1191 4046 1294 4108 penes
1318 4029 1459 4094 Sacram

261 4128 564 4210 Oongregationem
578 4128 826 4208 Episcoporum
839 4132 875 4191 et
889 4129 1129 4208 Regularium:

303 4233 345 4294 In
373 4229 544 4294 Sodalitio
571 4229 690 4310 oppidi
718 4230 890 4293 Besaniae
919 4231 1033 4294 dictae
1060 4231 1234 4295 Dioecesis
1263 4232 1326 4295 sub
1355 4233 1462 4296 titulo

262 4333 361 4413 vulgo
378 4332 578 4412 Gontotone,
593 4349 654 4412 per
669 4331 850 4411 quamdam
867 4331 1037 4396 sodalium
1053 4333 1309 4412 deputationem
1326 4336 1463 4398 statuta

294 4481 412 4534 ¹¹¹Idem
432 4481 547 4533 Deerat.
565 4480 649 4534 autb

286 4549 549 4610 '¹¹'Ssbsstianellt
567 4563 613 4612 op.
631 4550 762 4604 cit-De
779 4550 928 4610 Personls,
946 4563 1027 4604 num.
1045 4551 1106 4604 tit.
