<?xml version="1.0" encoding="UTF-8"?>
<!DOCTYPE html PUBLIC "-//W3C//DTD XHTML 1.0 Transitional//EN"
    "http://www.w3.org/TR/xhtml1/DTD/xhtml1-transitional.dtd">
<html xmlns="http://www.w3.org/1999/xhtml" xml:lang="en" lang="en">
 <head>
  <title>
</title>
<meta http-equiv="Content-Type" content="text/html;charset=utf-8" />
  <meta name='ocr-system' content='tesseract 3.04.00' />
  <meta name='ocr-capabilities' content='ocr_page ocr_carea ocr_par ocr_line ocrx_word'/>
</head>
<body>
  <div class='ocr_page' id='page_1' title='image "./deconfraternita01borkgoog_0090.png"; bbox 0 0 3336 5166; ppageno 0'>
   <div class='ocr_carea' id='block_1_1' title="bbox 473 372 1419 455">
    <p class='ocr_par' dir='ltr' id='par_1_1' title="bbox 473 372 1419 455">
     <span class='ocr_line' id='line_1_1' title="bbox 473 372 1419 455; baseline -0.01 -14"><span class='ocrx_word' id='word_1_1' title='bbox 473 383 524 442; x_wconf 81' lang='lat' dir='ltr'><strong>De</strong></span> <span class='ocrx_word' id='word_1_2' title='bbox 542 379 882 455; x_wconf 69' lang='lat' dir='ltr'><strong>deosculemitutibus</strong></span> <span class='ocrx_word' id='word_1_3' title='bbox 898 377 1140 437; x_wconf 69' lang='lat' dir='ltr'><strong>Eooksiostiois</strong></span> <span class='ocrx_word' id='word_1_4' title='bbox 1378 372 1419 432; x_wconf 77' lang='lat'><strong>83</strong></span> 
     </span>
    </p>
   </div>
   <div class='ocr_carea' id='block_1_2' title="bbox 217 569 1420 956">
    <p class='ocr_par' dir='ltr' id='par_1_2' title="bbox 217 569 1419 752">
     <span class='ocr_line' id='line_1_2' title="bbox 217 569 1419 651; baseline 0 -19"><span class='ocrx_word' id='word_1_5' title='bbox 217 570 285 647; x_wconf 90' lang='lat' dir='ltr'><strong>sis;</strong></span> <span class='ocrx_word' id='word_1_6' title='bbox 312 570 452 633; x_wconf 90' lang='lat' dir='ltr'><strong>comitia</strong></span> <span class='ocrx_word' id='word_1_7' title='bbox 478 587 557 633; x_wconf 89' lang='lat' dir='ltr'><strong>vero</strong></span> <span class='ocrx_word' id='word_1_8' title='bbox 580 570 858 634; x_wconf 88' lang='lat' dir='ltr'><strong>extraordinaria</strong></span> <span class='ocrx_word' id='word_1_9' title='bbox 883 575 966 634; x_wconf 87' lang='lat' dir='ltr'><strong>sunt</strong></span> <span class='ocrx_word' id='word_1_10' title='bbox 990 588 1042 651; x_wconf 87' lang='lat' dir='ltr'><strong>ea,</strong></span> <span class='ocrx_word' id='word_1_11' title='bbox 1066 588 1154 650; x_wconf 85' lang='lat' dir='ltr'><strong>qnae</strong></span> <span class='ocrx_word' id='word_1_12' title='bbox 1179 571 1351 635; x_wconf 86' lang='lat' dir='ltr'><strong>habentur</strong></span> <span class='ocrx_word' id='word_1_13' title='bbox 1375 569 1419 632; x_wconf 85' lang='lat' dir='ltr'><strong>ob</strong></span> 
     </span>
     <span class='ocr_line' id='line_1_3' title="bbox 217 672 1219 752; baseline 0.002 -18"><span class='ocrx_word' id='word_1_14' title='bbox 217 672 383 751; x_wconf 70' lang='lat' dir='ltr'>speciales</span> <span class='ocrx_word' id='word_1_15' title='bbox 399 677 435 735; x_wconf 89' lang='lat' dir='ltr'><strong>et</strong></span> <span class='ocrx_word' id='word_1_16' title='bbox 453 689 523 734; x_wconf 93' lang='lat' dir='ltr'><strong>non</strong></span> <span class='ocrx_word' id='word_1_17' title='bbox 539 672 715 752; x_wconf 88' lang='lat' dir='ltr'><strong>praevisas</strong></span> <span class='ocrx_word' id='word_1_18' title='bbox 733 673 886 737; x_wconf 88' lang='lat' dir='ltr'><strong>rationes</strong></span> <span class='ocrx_word' id='word_1_19' title='bbox 904 674 957 736; x_wconf 87' lang='lat' dir='ltr'><strong>vel</strong></span> <span class='ocrx_word' id='word_1_20' title='bbox 975 674 1219 736; x_wconf 84' lang='lat' dir='ltr'><strong>solemnitates.</strong></span> 
     </span>
    </p>

    <p class='ocr_par' dir='ltr' id='par_1_3' title="bbox 218 774 1420 956">
     <span class='ocr_line' id='line_1_4' title="bbox 258 774 1420 854; baseline 0.002 -19"><span class='ocrx_word' id='word_1_21' title='bbox 258 775 329 836; x_wconf 87' lang='lat' dir='ltr'><strong>Pro</strong></span> <span class='ocrx_word' id='word_1_22' title='bbox 349 774 499 838; x_wconf 87' lang='lat' dir='ltr'><strong>comitiis</strong></span> <span class='ocrx_word' id='word_1_23' title='bbox 519 774 708 838; x_wconf 89' lang='lat' dir='ltr'><strong>ordinariis</strong></span> <span class='ocrx_word' id='word_1_24' title='bbox 728 775 826 837; x_wconf 86' lang='lat' dir='ltr'><strong>nulla</strong></span> <span class='ocrx_word' id='word_1_25' title='bbox 847 775 1004 854; x_wconf 88' lang='lat' dir='ltr'><strong>requitur</strong></span> <span class='ocrx_word' id='word_1_26' title='bbox 1024 775 1232 854; x_wconf 80' lang='lat' dir='ltr'><strong>convocatio,</strong></span> <span class='ocrx_word' id='word_1_27' title='bbox 1254 792 1358 854; x_wconf 92' lang='lat' dir='ltr'><strong>quum</strong></span> <span class='ocrx_word' id='word_1_28' title='bbox 1378 791 1420 838; x_wconf 86' lang='lat' dir='ltr'><strong>ex</strong></span> 
     </span>
     <span class='ocr_line' id='line_1_5' title="bbox 218 864 1420 956; baseline 0 -18"><span class='ocrx_word' id='word_1_29' title='bbox 218 881 431 939; x_wconf 86' lang='lat' dir='ltr'><strong>statutorum</strong></span> <span class='ocrx_word' id='word_1_30' title='bbox 453 877 678 956; x_wconf 88' lang='lat' dir='ltr'><strong>praescripto,</strong></span> <span class='ocrx_word' id='word_1_31' title='bbox 699 879 753 939; x_wconf 89' lang='lat' dir='ltr'><strong>vel</strong></span> <span class='ocrx_word' id='word_1_32' title='bbox 774 894 816 939; x_wconf 85' lang='lat' dir='ltr'><strong>ex</strong></span> <span class='ocrx_word' id='word_1_33' title='bbox 838 876 1034 956; x_wconf 77' lang='lat' dir='ltr'><strong>antiquiore</strong></span> <span class='ocrx_word' id='word_1_34' title='bbox 1057 864 1220 940; x_wconf 82' lang='lat' dir='ltr'><strong>Sodalitii</strong></span> <span class='ocrx_word' id='word_1_35' title='bbox 1243 881 1420 939; x_wconf 88' lang='lat' dir='ltr'><strong>consuctu-</strong></span> 
     </span>
    </p>
   </div>
   <div class='ocr_carea' id='block_1_3' title="bbox 218 978 1518 1057">
    <p class='ocr_par' dir='ltr' id='par_1_4' title="bbox 218 978 1518 1057">
     <span class='ocr_line' id='line_1_6' title="bbox 218 978 1518 1057; baseline -0.001 -17"><span class='ocrx_word' id='word_1_36' title='bbox 218 979 299 1041; x_wconf 82' lang='lat' dir='ltr'><strong>dine</strong></span> <span class='ocrx_word' id='word_1_37' title='bbox 314 978 471 1042; x_wconf 92' lang='lat' dir='ltr'><strong>omnibns</strong></span> <span class='ocrx_word' id='word_1_38' title='bbox 488 984 608 1040; x_wconf 91' lang='lat' dir='ltr'><strong>notum</strong></span> <span class='ocrx_word' id='word_1_39' title='bbox 625 979 672 1041; x_wconf 92' lang='lat' dir='ltr'><strong>sit</strong></span> <span class='ocrx_word' id='word_1_40' title='bbox 689 978 812 1057; x_wconf 89' lang='lat' dir='ltr'><strong>quibus</strong></span> <span class='ocrx_word' id='word_1_41' title='bbox 828 979 947 1042; x_wconf 92' lang='lat' dir='ltr'><strong>diebus</strong></span> <span class='ocrx_word' id='word_1_42' title='bbox 964 980 1017 1041; x_wconf 90' lang='lat' dir='ltr'><strong>vel</strong></span> <span class='ocrx_word' id='word_1_43' title='bbox 1033 978 1268 1040; x_wconf 73' lang='lat' dir='ltr'><strong>occasionibus</strong></span> <span class='ocrx_word' id='word_1_44' title='bbox 1285 995 1420 1056; x_wconf 84' lang='lat' dir='ltr'><strong>congre</strong></span> <span class='ocrx_word' id='word_1_45' title='bbox 1513 997 1518 1007; x_wconf 55' lang='lat'><em>¹</em></span> 
     </span>
    </p>
   </div>
   <div class='ocr_carea' id='block_1_4' title="bbox 218 1078 1426 2692">
    <p class='ocr_par' dir='ltr' id='par_1_5' title="bbox 218 1078 1421 1465">
     <span class='ocr_line' id='line_1_7' title="bbox 218 1078 1420 1160; baseline -0.002 -18"><span class='ocrx_word' id='word_1_46' title='bbox 218 1080 375 1159; x_wconf 86' lang='lat' dir='ltr'><strong>gationes</strong></span> <span class='ocrx_word' id='word_1_47' title='bbox 397 1081 494 1159; x_wconf 84' lang='lat' dir='ltr'><strong>liant,</strong></span> <span class='ocrx_word' id='word_1_48' title='bbox 515 1097 566 1143; x_wconf 85' lang='lat' dir='ltr'><strong>ex.</strong></span> <span class='ocrx_word' id='word_1_49' title='bbox 589 1096 640 1159; x_wconf 89' lang='lat' dir='ltr'><strong>gr.</strong></span> <span class='ocrx_word' id='word_1_50' title='bbox 662 1079 775 1160; x_wconf 86' lang='lat' dir='ltr'><strong>prima</strong></span> <span class='ocrx_word' id='word_1_51' title='bbox 796 1080 969 1143; x_wconf 91' lang='lat' dir='ltr'><strong>dominica</strong></span> <span class='ocrx_word' id='word_1_52' title='bbox 989 1079 1115 1143; x_wconf 90' lang='lat' dir='ltr'><strong>mensis</strong></span> <span class='ocrx_word' id='word_1_53' title='bbox 1137 1084 1215 1159; x_wconf 86' lang='lat' dir='ltr'><strong>post</strong></span> <span class='ocrx_word' id='word_1_54' title='bbox 1238 1078 1420 1157; x_wconf 74' lang='lat' dir='ltr'><strong>processio</strong></span> 
     </span>
     <span class='ocr_line' id='line_1_8' title="bbox 219 1181 1420 1262; baseline -0.001 -19"><span class='ocrx_word' id='word_1_55' title='bbox 219 1199 305 1260; x_wconf 90' lang='lat' dir='ltr'><strong>nem,</strong></span> <span class='ocrx_word' id='word_1_56' title='bbox 321 1184 458 1262; x_wconf 92' lang='lat' dir='ltr'><strong>quando</strong></span> <span class='ocrx_word' id='word_1_57' title='bbox 473 1183 608 1244; x_wconf 90' lang='lat' dir='ltr'><strong>sodales</strong></span> <span class='ocrx_word' id='word_1_58' title='bbox 624 1184 669 1246; x_wconf 91' lang='lat' dir='ltr'><strong>ad</strong></span> <span class='ocrx_word' id='word_1_59' title='bbox 684 1182 860 1262; x_wconf 78' lang='lat' dir='ltr'><strong>propriam</strong></span> <span class='ocrx_word' id='word_1_60' title='bbox 876 1183 1018 1245; x_wconf 89' lang='lat' dir='ltr'><strong>redeant</strong></span> <span class='ocrx_word' id='word_1_61' title='bbox 1033 1182 1262 1244; x_wconf 71' lang='lat' dir='ltr'><strong>ecclesiam.¹²&#39;</strong></span> <span class='ocrx_word' id='word_1_62' title='bbox 1278 1181 1420 1255; x_wconf 75' lang='lat' dir='ltr'><strong>Quoties</strong></span> 
     </span>
     <span class='ocr_line' id='line_1_9' title="bbox 219 1284 1421 1365; baseline 0.002 -19"><span class='ocrx_word' id='word_1_63' title='bbox 219 1285 309 1347; x_wconf 90' lang='lat' dir='ltr'><strong>enim</strong></span> <span class='ocrx_word' id='word_1_64' title='bbox 335 1288 431 1347; x_wconf 86' lang='lat' dir='ltr'><strong>certa</strong></span> <span class='ocrx_word' id='word_1_65' title='bbox 454 1289 508 1347; x_wconf 91' lang='lat' dir='ltr'><strong>est</strong></span> <span class='ocrx_word' id='word_1_66' title='bbox 535 1284 608 1347; x_wconf 90' lang='lat' dir='ltr'><strong>dies</strong></span> <span class='ocrx_word' id='word_1_67' title='bbox 633 1285 854 1364; x_wconf 88' lang='lat' dir='ltr'><strong>praestituta,</strong></span> <span class='ocrx_word' id='word_1_68' title='bbox 880 1286 979 1347; x_wconf 85' lang='lat' dir='ltr'><strong>nulla</strong></span> <span class='ocrx_word' id='word_1_69' title='bbox 1003 1285 1153 1365; x_wconf 90' lang='lat' dir='ltr'><strong>amplius</strong></span> <span class='ocrx_word' id='word_1_70' title='bbox 1178 1285 1333 1364; x_wconf 91' lang='lat' dir='ltr'><strong>monitio,</strong></span> <span class='ocrx_word' id='word_1_71' title='bbox 1360 1303 1421 1348; x_wconf 88' lang='lat' dir='ltr'><strong>seu</strong></span> 
     </span>
     <span class='ocr_line' id='line_1_10' title="bbox 219 1386 713 1465; baseline -0.002 -17"><span class='ocrx_word' id='word_1_72' title='bbox 219 1386 454 1464; x_wconf 73' lang='lat' dir='ltr'><strong>interpellatio</strong></span> <span class='ocrx_word' id='word_1_73' title='bbox 471 1386 713 1465; x_wconf 86' lang='lat' dir='ltr'><strong>requiritur.¹²⁸</strong></span> 
     </span>
    </p>

    <p class='ocr_par' dir='ltr' id='par_1_6' title="bbox 220 1487 1424 2282">
     <span class='ocr_line' id='line_1_11' title="bbox 261 1487 1421 1568; baseline 0.001 -18"><span class='ocrx_word' id='word_1_74' title='bbox 261 1489 453 1568; x_wconf 85' lang='lat' dir='ltr'><strong>Episcopus</strong></span> <span class='ocrx_word' id='word_1_75' title='bbox 474 1487 613 1550; x_wconf 88' lang='lat' dir='ltr'><strong>minimo</strong></span> <span class='ocrx_word' id='word_1_76' title='bbox 634 1488 765 1551; x_wconf 89' lang='lat' dir='ltr'><strong>moneri</strong></span> <span class='ocrx_word' id='word_1_77' title='bbox 784 1489 884 1551; x_wconf 90' lang='lat' dir='ltr'><strong>debet</strong></span> <span class='ocrx_word' id='word_1_78' title='bbox 904 1489 946 1551; x_wconf 93' lang='lat' dir='ltr'><strong>de</strong></span> <span class='ocrx_word' id='word_1_79' title='bbox 968 1488 1126 1551; x_wconf 80' lang='lat' dir='ltr'><strong>Comitiis</strong></span> <span class='ocrx_word' id='word_1_80' title='bbox 1148 1488 1346 1567; x_wconf 89' lang='lat' dir='ltr'><strong>ordinariis,</strong></span> <span class='ocrx_word' id='word_1_81' title='bbox 1367 1488 1421 1551; x_wconf 89' lang='lat' dir='ltr'><strong>nti</strong></span> 
     </span>
     <span class='ocr_line' id='line_1_12' title="bbox 220 1588 1422 1670; baseline 0 -18"><span class='ocrx_word' id='word_1_82' title='bbox 220 1594 357 1654; x_wconf 87' lang='lat' dir='ltr'><strong>constat</strong></span> <span class='ocrx_word' id='word_1_83' title='bbox 394 1607 436 1653; x_wconf 84' lang='lat' dir='ltr'><strong>ex</strong></span> <span class='ocrx_word' id='word_1_84' title='bbox 474 1591 694 1670; x_wconf 87' lang='lat' dir='ltr'><strong>responsione</strong></span> <span class='ocrx_word' id='word_1_85' title='bbox 732 1588 836 1653; x_wconf 78' lang='lat' dir='ltr'><strong>Sacro</strong></span> <span class='ocrx_word' id='word_1_86' title='bbox 874 1590 1158 1670; x_wconf 75' lang='lat' dir='ltr'><strong>congregationis</strong></span> <span class='ocrx_word' id='word_1_87' title='bbox 1198 1590 1344 1653; x_wconf 82' lang='lat' dir='ltr'><strong>Concilii</strong></span> <span class='ocrx_word' id='word_1_88' title='bbox 1384 1591 1422 1652; x_wconf 89' lang='lat' dir='ltr'><strong>ln</strong></span> 
     </span>
     <span class='ocr_line' id='line_1_13' title="bbox 220 1693 1422 1772; baseline 0.001 -18"><span class='ocrx_word' id='word_1_89' title='bbox 220 1693 408 1756; x_wconf 89' lang='lat' dir='ltr'><strong>Assisiensi</strong></span> <span class='ocrx_word' id='word_1_90' title='bbox 430 1693 475 1756; x_wconf 92' lang='lat' dir='ltr'><strong>ad</strong></span> <span class='ocrx_word' id='word_1_91' title='bbox 498 1695 603 1754; x_wconf 81' lang='lat' dir='ltr'><strong>lum:</strong></span> <span class='ocrx_word' id='word_1_92' title='bbox 648 1695 703 1754; x_wconf 88' lang='lat' dir='ltr'><strong>An</strong></span> <span class='ocrx_word' id='word_1_93' title='bbox 724 1693 940 1755; x_wconf 87' lang='lat' dir='ltr'><strong>sustineatur</strong></span> <span class='ocrx_word' id='word_1_94' title='bbox 962 1693 1125 1772; x_wconf 87' lang='lat' dir='ltr'><strong>Episcopi</strong></span> <span class='ocrx_word' id='word_1_95' title='bbox 1147 1693 1297 1755; x_wconf 90' lang='lat' dir='ltr'><strong>edictum</strong></span> <span class='ocrx_word' id='word_1_96' title='bbox 1320 1693 1358 1755; x_wconf 90' lang='lat' dir='ltr'><strong>in</strong></span> <span class='ocrx_word' id='word_1_97' title='bbox 1381 1710 1422 1756; x_wconf 88' lang='lat' dir='ltr'><strong>ea</strong></span> 
     </span>
     <span class='ocr_line' id='line_1_14' title="bbox 221 1793 1422 1873; baseline -0.002 -16"><span class='ocrx_word' id='word_1_98' title='bbox 221 1795 381 1873; x_wconf 86' lang='lat' dir='ltr'><strong>partein</strong></span> <span class='ocrx_word' id='word_1_99' title='bbox 407 1813 474 1873; x_wconf 90' lang='lat' dir='ltr'><strong>qna</strong></span> <span class='ocrx_word' id='word_1_100' title='bbox 499 1794 834 1858; x_wconf 83' lang='lat' dir='ltr'><strong>Goniraternitatum</strong></span> <span class='ocrx_word' id='word_1_101' title='bbox 860 1793 1029 1856; x_wconf 86' lang='lat' dir='ltr'><strong>Officiales</strong></span> <span class='ocrx_word' id='word_1_102' title='bbox 1052 1793 1218 1873; x_wconf 80' lang='lat' dir='ltr'><strong>jubentur</strong></span> <span class='ocrx_word' id='word_1_103' title='bbox 1242 1794 1422 1857; x_wconf 89' lang='lat' dir='ltr'><strong>certiorem</strong></span> 
     </span>
     <span class='ocr_line' id='line_1_15' title="bbox 221 1895 1423 1976; baseline 0 -18"><span class='ocrx_word' id='word_1_104' title='bbox 221 1897 334 1960; x_wconf 84' lang='lat' dir='ltr'><strong>iacere</strong></span> <span class='ocrx_word' id='word_1_105' title='bbox 354 1896 562 1976; x_wconf 81' lang='lat' dir='ltr'><strong>Episcopum</strong></span> <span class='ocrx_word' id='word_1_106' title='bbox 583 1897 791 1974; x_wconf 85' lang='lat' dir='ltr'><strong>incivitate,</strong></span> <span class='ocrx_word' id='word_1_107' title='bbox 813 1901 848 1959; x_wconf 86' lang='lat' dir='ltr'><strong>et</strong></span> <span class='ocrx_word' id='word_1_108' title='bbox 869 1897 1016 1958; x_wconf 89' lang='lat' dir='ltr'><strong>vicarios</strong></span> <span class='ocrx_word' id='word_1_109' title='bbox 1036 1897 1196 1959; x_wconf 83' lang='lat' dir='ltr'><strong>toraneos</strong></span> <span class='ocrx_word' id='word_1_110' title='bbox 1217 1897 1255 1957; x_wconf 95' lang='lat' dir='ltr'><strong>in</strong></span> <span class='ocrx_word' id='word_1_111' title='bbox 1276 1895 1423 1958; x_wconf 91' lang='lat' dir='ltr'><strong>dioecesi</strong></span> 
     </span>
     <span class='ocr_line' id='line_1_16' title="bbox 222 1996 1424 2077; baseline -0.002 -17"><span class='ocrx_word' id='word_1_112' title='bbox 222 1999 264 2060; x_wconf 93' lang='lat' dir='ltr'><strong>de</strong></span> <span class='ocrx_word' id='word_1_113' title='bbox 285 1999 607 2077; x_wconf 81' lang='lat' dir='ltr'><strong>congregationibus</strong></span> <span class='ocrx_word' id='word_1_114' title='bbox 631 1998 806 2077; x_wconf 85' lang='lat' dir='ltr'><strong>habendis,</strong></span> <span class='ocrx_word' id='word_1_115' title='bbox 830 2015 873 2062; x_wconf 91' lang='lat' dir='ltr'><strong>ne</strong></span> <span class='ocrx_word' id='word_1_116' title='bbox 895 1998 1100 2061; x_wconf 85' lang='lat' dir='ltr'><strong>conveniant</strong></span> <span class='ocrx_word' id='word_1_117' title='bbox 1121 1998 1196 2060; x_wconf 89' lang='lat' dir='ltr'><strong>sine</strong></span> <span class='ocrx_word' id='word_1_118' title='bbox 1217 1997 1329 2075; x_wconf 89' lang='lat' dir='ltr'><strong>ipsius</strong></span> <span class='ocrx_word' id='word_1_119' title='bbox 1352 1996 1424 2060; x_wconf 92' lang='lat' dir='ltr'><strong>sive</strong></span> 
     </span>
     <span class='ocr_line' id='line_1_17' title="bbox 222 2100 1424 2180; baseline 0.002 -19"><span class='ocrx_word' id='word_1_120' title='bbox 222 2101 427 2164; x_wconf 88' lang='lat' dir='ltr'><strong>vicariorum</strong></span> <span class='ocrx_word' id='word_1_121' title='bbox 448 2101 856 2178; x_wconf 82' lang='lat' dir='ltr'><strong>interessentiai-Resp.</strong></span> <span class='ocrx_word' id='word_1_122' title='bbox 896 2100 1109 2178; x_wconf 75' lang='lat' dir='ltr'><strong>Affirmotive</strong></span> <span class='ocrx_word' id='word_1_123' title='bbox 1131 2103 1243 2180; x_wconf 81' lang='lat' dir='ltr'><strong>quood</strong></span> <span class='ocrx_word' id='word_1_124' title='bbox 1264 2102 1424 2163; x_wconf 72' lang='lat' dir='ltr'><strong>certiora</strong></span> 
     </span>
     <span class='ocr_line' id='line_1_18' title="bbox 223 2203 1140 2282; baseline 0 -18"><span class='ocrx_word' id='word_1_125' title='bbox 223 2205 348 2264; x_wconf 80' lang='lat' dir='ltr'><strong>tionem</strong></span> <span class='ocrx_word' id='word_1_126' title='bbox 364 2221 427 2281; x_wconf 83' lang='lat' dir='ltr'><strong>pro</strong></span> <span class='ocrx_word' id='word_1_127' title='bbox 442 2203 729 2264; x_wconf 78' lang='lat' dir='ltr'><strong>entraordinariis</strong></span> <span class='ocrx_word' id='word_1_128' title='bbox 733 2222 749 2282; x_wconf 90' lang='lat'><em>;</em></span> <span class='ocrx_word' id='word_1_129' title='bbox 763 2204 802 2264; x_wconf 82' lang='lat' dir='ltr'><strong>ia</strong></span> <span class='ocrx_word' id='word_1_130' title='bbox 816 2205 959 2281; x_wconf 79' lang='lat' dir='ltr'><strong>reliquis</strong></span> <span class='ocrx_word' id='word_1_131' title='bbox 975 2206 1140 2282; x_wconf 73' lang='lat' dir='ltr'><strong>negative.</strong></span> 
     </span>
    </p>

    <p class='ocr_par' dir='ltr' id='par_1_7' title="bbox 223 2305 1426 2692">
     <span class='ocr_line' id='line_1_19' title="bbox 265 2305 1424 2384; baseline 0.001 -18"><span class='ocrx_word' id='word_1_132' title='bbox 265 2305 345 2366; x_wconf 82' lang='lat' dir='ltr'><strong>Gira</strong></span> <span class='ocrx_word' id='word_1_133' title='bbox 363 2307 499 2366; x_wconf 94' lang='lat' dir='ltr'><strong>modum</strong></span> <span class='ocrx_word' id='word_1_134' title='bbox 517 2322 596 2367; x_wconf 91' lang='lat' dir='ltr'><strong>vero</strong></span> <span class='ocrx_word' id='word_1_135' title='bbox 612 2306 842 2367; x_wconf 89' lang='lat' dir='ltr'><strong>adhibendum</strong></span> <span class='ocrx_word' id='word_1_136' title='bbox 859 2306 897 2367; x_wconf 93' lang='lat' dir='ltr'><strong>in</strong></span> <span class='ocrx_word' id='word_1_137' title='bbox 914 2306 1083 2367; x_wconf 90' lang='lat' dir='ltr'><strong>sodalium</strong></span> <span class='ocrx_word' id='word_1_138' title='bbox 1101 2306 1344 2370; x_wconf 85' lang='lat' dir='ltr'><strong>convocatione</strong></span> <span class='ocrx_word' id='word_1_139' title='bbox 1361 2323 1424 2384; x_wconf 90' lang='lat' dir='ltr'><strong>pro</strong></span> 
     </span>
     <span class='ocr_line' id='line_1_20' title="bbox 223 2407 1426 2486; baseline 0.002 -16"><span class='ocrx_word' id='word_1_140' title='bbox 223 2407 371 2470; x_wconf 86' lang='lat' dir='ltr'><strong>comitiis</strong></span> <span class='ocrx_word' id='word_1_141' title='bbox 392 2407 679 2470; x_wconf 86' lang='lat' dir='ltr'><strong>extraordinariis</strong></span> <span class='ocrx_word' id='word_1_142' title='bbox 700 2408 750 2469; x_wconf 89' lang='lat' dir='ltr'><strong>sic</strong></span> <span class='ocrx_word' id='word_1_143' title='bbox 770 2409 899 2486; x_wconf 86' lang='lat' dir='ltr'><strong>legitur</strong></span> <span class='ocrx_word' id='word_1_144' title='bbox 917 2409 955 2469; x_wconf 94' lang='lat' dir='ltr'><strong>in</strong></span> <span class='ocrx_word' id='word_1_145' title='bbox 974 2408 1060 2470; x_wconf 86' lang='lat' dir='ltr'><strong>folio</strong></span> <span class='ocrx_word' id='word_1_146' title='bbox 1079 2409 1193 2472; x_wconf 86' lang='lat' dir='ltr'><strong>dietae</strong></span> <span class='ocrx_word' id='word_1_147' title='bbox 1214 2409 1247 2472; x_wconf 80' lang='lat' dir='ltr'><strong>S.</strong></span> <span class='ocrx_word' id='word_1_148' title='bbox 1269 2410 1306 2472; x_wconf 83' lang='lat' dir='ltr'><strong>O.</strong></span> <span class='ocrx_word' id='word_1_149' title='bbox 1328 2410 1365 2472; x_wconf 79' lang='lat'><strong>0.</strong></span> <span class='ocrx_word' id='word_1_150' title='bbox 1385 2410 1426 2471; x_wconf 92' lang='lat' dir='ltr'><strong>in</strong></span> 
     </span>
     <span class='ocr_line' id='line_1_21' title="bbox 223 2509 1424 2589; baseline 0.003 -19"><span class='ocrx_word' id='word_1_151' title='bbox 223 2509 447 2586; x_wconf 90' lang='lat' dir='ltr'><strong>Balneoregio</strong></span> <span class='ocrx_word' id='word_1_152' title='bbox 472 2511 513 2570; x_wconf 79' lang='lat'><strong>14</strong></span> <span class='ocrx_word' id='word_1_153' title='bbox 536 2511 616 2572; x_wconf 81' lang='lat' dir='ltr'><strong>Jan.</strong></span> <span class='ocrx_word' id='word_1_154' title='bbox 642 2510 735 2588; x_wconf 74' lang='lat'><strong>1769,</strong></span> <span class='ocrx_word' id='word_1_155' title='bbox 760 2511 966 2589; x_wconf 81' lang='lat' dir='ltr'><strong>paragraph.</strong></span> <span class='ocrx_word' id='word_1_156' title='bbox 1012 2512 1052 2573; x_wconf 73' lang='lat' dir='ltr'><strong>si</strong></span> <span class='ocrx_word' id='word_1_157' title='bbox 1077 2528 1163 2588; x_wconf 81' lang='lat' dir='ltr'><strong>qaue</strong></span> <span class='ocrx_word' id='word_1_158' title='bbox 1206 2558 1214 2572; x_wconf 91' lang='lat'><em>.</em></span> <span class='ocrx_word' id='word_1_159' title='bbox 1259 2558 1267 2574; x_wconf 90' lang='lat'><strong>.</strong></span> <span class='ocrx_word' id='word_1_160' title='bbox 1312 2558 1319 2574; x_wconf 92' lang='lat'><strong>.</strong></span> <span class='ocrx_word' id='word_1_161' title='bbox 1364 2511 1424 2574; x_wconf 72' lang='lat' dir='ltr'><strong>“si</strong></span> 
     </span>
     <span class='ocr_line' id='line_1_22' title="bbox 223 2611 1424 2692; baseline 0.002 -20"><span class='ocrx_word' id='word_1_162' title='bbox 223 2629 309 2688; x_wconf 90' lang='lat' dir='ltr'><strong>quae</strong></span> <span class='ocrx_word' id='word_1_163' title='bbox 330 2613 372 2672; x_wconf 94' lang='lat' dir='ltr'><strong>de</strong></span> <span class='ocrx_word' id='word_1_164' title='bbox 395 2611 541 2690; x_wconf 90' lang='lat' dir='ltr'><strong>capituli</strong></span> <span class='ocrx_word' id='word_1_165' title='bbox 564 2611 805 2674; x_wconf 90' lang='lat' dir='ltr'><strong>convocatione</strong></span> <span class='ocrx_word' id='word_1_166' title='bbox 827 2629 849 2674; x_wconf 91' lang='lat' dir='ltr'><strong>a</strong></span> <span class='ocrx_word' id='word_1_167' title='bbox 871 2613 1068 2674; x_wconf 85' lang='lat' dir='ltr'><strong>doctoribus</strong></span> <span class='ocrx_word' id='word_1_168' title='bbox 1090 2613 1289 2692; x_wconf 88' lang='lat' dir='ltr'><strong>traduntur,</strong></span> <span class='ocrx_word' id='word_1_169' title='bbox 1313 2616 1424 2676; x_wconf 78' lang='lat' dir='ltr'><strong>trans</strong></span> 
     </span>
    </p>
   </div>
   <div class='ocr_carea' id='block_1_5' title="bbox 223 2712 1426 3097">
    <p class='ocr_par' dir='ltr' id='par_1_8' title="bbox 223 2712 1426 2995">
     <span class='ocr_line' id='line_1_23' title="bbox 223 2712 1425 2793; baseline 0.003 -20"><span class='ocrx_word' id='word_1_170' title='bbox 223 2713 314 2774; x_wconf 82' lang='lat' dir='ltr'><strong>ferre</strong></span> <span class='ocrx_word' id='word_1_171' title='bbox 335 2713 416 2775; x_wconf 88' lang='lat' dir='ltr'><strong>licet</strong></span> <span class='ocrx_word' id='word_1_172' title='bbox 439 2715 485 2775; x_wconf 94' lang='lat' dir='ltr'><strong>ad</strong></span> <span class='ocrx_word' id='word_1_173' title='bbox 507 2712 781 2775; x_wconf 90' lang='lat' dir='ltr'><strong>convocationem</strong></span> <span class='ocrx_word' id='word_1_174' title='bbox 804 2714 1117 2793; x_wconf 83' lang='lat' dir='ltr'><strong>congregationum,</strong></span> <span class='ocrx_word' id='word_1_175' title='bbox 1141 2732 1227 2793; x_wconf 87' lang='lat' dir='ltr'><strong>quae</strong></span> <span class='ocrx_word' id='word_1_176' title='bbox 1250 2733 1271 2777; x_wconf 90' lang='lat' dir='ltr'><strong>a</strong></span> <span class='ocrx_word' id='word_1_177' title='bbox 1292 2715 1425 2777; x_wconf 76' lang='lat' dir='ltr'><strong>contra·</strong></span> 
     </span>
     <span class='ocr_line' id='line_1_24' title="bbox 223 2814 1426 2896; baseline 0.002 -20"><span class='ocrx_word' id='word_1_178' title='bbox 223 2815 336 2876; x_wconf 89' lang='lat' dir='ltr'><strong>tribus</strong></span> <span class='ocrx_word' id='word_1_179' title='bbox 358 2815 477 2877; x_wconf 93' lang='lat' dir='ltr'><strong>hoberi</strong></span> <span class='ocrx_word' id='word_1_180' title='bbox 501 2814 623 2892; x_wconf 86' lang='lat' dir='ltr'><strong>solent,</strong></span> <span class='ocrx_word' id='word_1_181' title='bbox 649 2819 858 2894; x_wconf 87' lang='lat' dir='ltr'><strong>compertum</strong></span> <span class='ocrx_word' id='word_1_182' title='bbox 883 2815 961 2893; x_wconf 88' lang='lat' dir='ltr'><strong>erit,</strong></span> <span class='ocrx_word' id='word_1_183' title='bbox 986 2816 1117 2878; x_wconf 91' lang='lat' dir='ltr'><strong>moneri</strong></span> <span class='ocrx_word' id='word_1_184' title='bbox 1141 2820 1339 2895; x_wconf 86' lang='lat' dir='ltr'><strong>praesentes</strong></span> <span class='ocrx_word' id='word_1_185' title='bbox 1363 2833 1426 2896; x_wconf 90' lang='lat' dir='ltr'><strong>per</strong></span> 
     </span>
     <span class='ocr_line' id='line_1_25' title="bbox 223 2917 1042 2995; baseline 0.001 -17"><span class='ocrx_word' id='word_1_186' title='bbox 223 2917 311 2978; x_wconf 89' lang='lat' dir='ltr'><strong>diem</strong></span> <span class='ocrx_word' id='word_1_187' title='bbox 331 2920 413 2979; x_wconf 89' lang='lat' dir='ltr'><strong>ante</strong></span> <span class='ocrx_word' id='word_1_188' title='bbox 430 2921 611 2995; x_wconf 89' lang='lat' dir='ltr'><strong>opportere</strong></span> <span class='ocrx_word' id='word_1_189' title='bbox 629 2918 671 2978; x_wconf 88' lang='lat' dir='ltr'><strong>de</strong></span> <span class='ocrx_word' id='word_1_190' title='bbox 689 2917 753 2994; x_wconf 89' lang='lat' dir='ltr'><strong>die,</strong></span> <span class='ocrx_word' id='word_1_191' title='bbox 772 2917 867 2993; x_wconf 88' lang='lat' dir='ltr'><strong>hora,</strong></span> <span class='ocrx_word' id='word_1_192' title='bbox 884 2921 920 2980; x_wconf 86' lang='lat' dir='ltr'><strong>et</strong></span> <span class='ocrx_word' id='word_1_193' title='bbox 938 2918 1042 2979; x_wconf 86' lang='lat' dir='ltr'><strong>loc0.&#39;&#39;</strong></span> 
     </span>
    </p>

    <p class='ocr_par' dir='ltr' id='par_1_9' title="bbox 265 3018 1426 3097">
     <span class='ocr_line' id='line_1_26' title="bbox 265 3018 1426 3097; baseline 0.001 -17"><span class='ocrx_word' id='word_1_194' title='bbox 265 3020 344 3080; x_wconf 87' lang='lat' dir='ltr'><strong>Non</strong></span> <span class='ocrx_word' id='word_1_195' title='bbox 365 3019 417 3081; x_wconf 91' lang='lat' dir='ltr'><strong>ita</strong></span> <span class='ocrx_word' id='word_1_196' title='bbox 440 3022 556 3080; x_wconf 90' lang='lat' dir='ltr'><strong>tamen</strong></span> <span class='ocrx_word' id='word_1_197' title='bbox 580 3035 714 3081; x_wconf 88' lang='lat' dir='ltr'><strong>necesse</strong></span> <span class='ocrx_word' id='word_1_198' title='bbox 736 3021 799 3096; x_wconf 89' lang='lat' dir='ltr'><strong>est,</strong></span> <span class='ocrx_word' id='word_1_199' title='bbox 824 3023 939 3080; x_wconf 87' lang='lat' dir='ltr'><strong>monet</strong></span> <span class='ocrx_word' id='word_1_200' title='bbox 962 3018 1159 3082; x_wconf 78' lang='lat' dir='ltr'><strong>Cardinalis</strong></span> <span class='ocrx_word' id='word_1_201' title='bbox 1183 3021 1298 3097; x_wconf 89' lang='lat' dir='ltr'><strong>Petra,</strong></span> <span class='ocrx_word' id='word_1_202' title='bbox 1323 3023 1363 3083; x_wconf 90' lang='lat' dir='ltr'><strong>ut</strong></span> <span class='ocrx_word' id='word_1_203' title='bbox 1387 3020 1426 3081; x_wconf 91' lang='lat' dir='ltr'><strong>in</strong></span> 
     </span>
    </p>
   </div>
   <div class='ocr_carea' id='block_1_6' title="bbox 212 3120 1427 4218">
    <p class='ocr_par' dir='ltr' id='par_1_10' title="bbox 212 3120 1427 3794">
     <span class='ocr_line' id='line_1_27' title="bbox 222 3120 1426 3199; baseline 0.002 -19"><span class='ocrx_word' id='word_1_204' title='bbox 222 3121 300 3199; x_wconf 90' lang='lat' dir='ltr'><strong>ipsa</strong></span> <span class='ocrx_word' id='word_1_205' title='bbox 336 3120 578 3183; x_wconf 84' lang='lat' dir='ltr'><strong>convocatione</strong></span> <span class='ocrx_word' id='word_1_206' title='bbox 614 3137 668 3180; x_wconf 88' lang='lat' dir='ltr'><strong>res</strong></span> <span class='ocrx_word' id='word_1_207' title='bbox 704 3120 950 3197; x_wconf 89' lang='lat' dir='ltr'><strong>pertractanda</strong></span> <span class='ocrx_word' id='word_1_208' title='bbox 987 3120 1210 3199; x_wconf 87' lang='lat' dir='ltr'><strong>significetur,</strong></span> <span class='ocrx_word' id='word_1_209' title='bbox 1248 3121 1331 3198; x_wconf 91' lang='lat' dir='ltr'><strong>quia</strong></span> <span class='ocrx_word' id='word_1_210' title='bbox 1365 3120 1426 3198; x_wconf 88' lang='lat' dir='ltr'><strong>qui</strong></span> 
     </span>
     <span class='ocr_line' id='line_1_28' title="bbox 222 3222 1426 3302; baseline 0.002 -19"><span class='ocrx_word' id='word_1_211' title='bbox 222 3223 427 3299; x_wconf 85' lang='lat' dir='ltr'><strong>suffragium</strong></span> <span class='ocrx_word' id='word_1_212' title='bbox 460 3222 551 3284; x_wconf 77' lang='lat' dir='ltr'><strong>terre</strong></span> <span class='ocrx_word' id='word_1_213' title='bbox 583 3223 716 3299; x_wconf 89' lang='lat' dir='ltr'><strong>debent,</strong></span> <span class='ocrx_word' id='word_1_214' title='bbox 750 3226 895 3301; x_wconf 90' lang='lat' dir='ltr'><strong>possunt</strong></span> <span class='ocrx_word' id='word_1_215' title='bbox 929 3222 1129 3285; x_wconf 87' lang='lat' dir='ltr'><strong>dilationem</strong></span> <span class='ocrx_word' id='word_1_216' title='bbox 1156 3241 1351 3302; x_wconf 85' lang='lat' dir='ltr'><strong>exposcere,</strong></span> <span class='ocrx_word' id='word_1_217' title='bbox 1385 3229 1426 3286; x_wconf 91' lang='lat' dir='ltr'><strong>nt</strong></span> 
     </span>
     <span class='ocr_line' id='line_1_29' title="bbox 212 3317 1427 3403; baseline 0.001 -18"><span class='ocrx_word' id='word_1_218' title='bbox 212 3317 415 3402; x_wconf 38' lang='lat' dir='ltr'><strong>,consultius</strong></span> <span class='ocrx_word' id='word_1_219' title='bbox 428 3324 656 3402; x_wconf 88' lang='lat' dir='ltr'><strong>respondeant</strong></span> <span class='ocrx_word' id='word_1_220' title='bbox 669 3324 710 3384; x_wconf 93' lang='lat' dir='ltr'><strong>de</strong></span> <span class='ocrx_word' id='word_1_221' title='bbox 722 3341 759 3385; x_wconf 88' lang='lat' dir='ltr'><strong>re</strong></span> <span class='ocrx_word' id='word_1_222' title='bbox 771 3325 815 3385; x_wconf 91' lang='lat' dir='ltr'><strong>ad</strong></span> <span class='ocrx_word' id='word_1_223' title='bbox 828 3323 1085 3385; x_wconf 88' lang='lat' dir='ltr'><strong>deliberandum</strong></span> <span class='ocrx_word' id='word_1_224' title='bbox 1098 3325 1285 3403; x_wconf 88' lang='lat' dir='ltr'><strong>proposita.</strong></span> <span class='ocrx_word' id='word_1_225' title='bbox 1310 3325 1427 3387; x_wconf 89' lang='lat' dir='ltr'><strong>Monet</strong></span> 
     </span>
     <span class='ocr_line' id='line_1_30' title="bbox 222 3413 1425 3504; baseline 0.003 -18"><span class='ocrx_word' id='word_1_226' title='bbox 222 3427 365 3504; x_wconf 89' lang='lat' dir='ltr'><strong>insuper</strong></span> <span class='ocrx_word' id='word_1_227' title='bbox 400 3426 475 3502; x_wconf 90' lang='lat' dir='ltr'><strong>ipse</strong></span> <span class='ocrx_word' id='word_1_228' title='bbox 510 3413 708 3487; x_wconf 78' lang='lat' dir='ltr'><strong>Cardinalis</strong></span> <span class='ocrx_word' id='word_1_229' title='bbox 744 3428 860 3502; x_wconf 90' lang='lat' dir='ltr'><strong>Petra,</strong></span> <span class='ocrx_word' id='word_1_230' title='bbox 897 3427 1143 3489; x_wconf 89' lang='lat' dir='ltr'><strong>attendendum</strong></span> <span class='ocrx_word' id='word_1_231' title='bbox 1179 3446 1253 3490; x_wconf 79' lang='lat' dir='ltr'><strong>esse</strong></span> <span class='ocrx_word' id='word_1_232' title='bbox 1289 3429 1327 3490; x_wconf 92' lang='lat' dir='ltr'><strong>in</strong></span> <span class='ocrx_word' id='word_1_233' title='bbox 1364 3431 1425 3490; x_wconf 89' lang='lat' dir='ltr'><strong>hoc</strong></span> 
     </span>
     <span class='ocr_line' id='line_1_31' title="bbox 224 3527 1425 3607; baseline 0.002 -17"><span class='ocrx_word' id='word_1_234' title='bbox 224 3528 440 3607; x_wconf 89' lang='lat' dir='ltr'><strong>potissimum</strong></span> <span class='ocrx_word' id='word_1_235' title='bbox 461 3528 599 3606; x_wconf 87' lang='lat' dir='ltr'><strong>stylum,</strong></span> <span class='ocrx_word' id='word_1_236' title='bbox 621 3531 656 3588; x_wconf 91' lang='lat' dir='ltr'><strong>et</strong></span> <span class='ocrx_word' id='word_1_237' title='bbox 678 3527 968 3606; x_wconf 88' lang='lat' dir='ltr'><strong>consuetudinem,</strong></span> <span class='ocrx_word' id='word_1_238' title='bbox 992 3546 1052 3590; x_wconf 88' lang='lat' dir='ltr'><strong>seu</strong></span> <span class='ocrx_word' id='word_1_239' title='bbox 1074 3529 1220 3607; x_wconf 89' lang='lat' dir='ltr'><strong>capituli</strong></span> <span class='ocrx_word' id='word_1_240' title='bbox 1243 3533 1425 3607; x_wconf 87' lang='lat' dir='ltr'><strong>statutum,</strong></span> 
     </span>
     <span class='ocr_line' id='line_1_32' title="bbox 224 3629 1426 3708; baseline 0 -18"><span class='ocrx_word' id='word_1_241' title='bbox 224 3647 290 3708; x_wconf 91' lang='lat' dir='ltr'><strong>quo</strong></span> <span class='ocrx_word' id='word_1_242' title='bbox 335 3629 518 3691; x_wconf 91' lang='lat' dir='ltr'><strong>immutato</strong></span> <span class='ocrx_word' id='word_1_243' title='bbox 564 3629 641 3707; x_wconf 88' lang='lat' dir='ltr'><strong>jnre</strong></span> <span class='ocrx_word' id='word_1_244' title='bbox 683 3632 823 3707; x_wconf 90' lang='lat' dir='ltr'><strong>possent</strong></span> <span class='ocrx_word' id='word_1_245' title='bbox 869 3629 1078 3706; x_wconf 85' lang='lat' dir='ltr'><strong>capitulares</strong></span> <span class='ocrx_word' id='word_1_246' title='bbox 1124 3635 1240 3693; x_wconf 91' lang='lat' dir='ltr'><strong>actum</strong></span> <span class='ocrx_word' id='word_1_247' title='bbox 1286 3631 1426 3692; x_wconf 86' lang='lat' dir='ltr'><strong>irritum</strong></span> 
     </span>
     <span class='ocr_line' id='line_1_33' title="bbox 224 3731 390 3794; baseline 0.018 -3"><span class='ocrx_word' id='word_1_248' title='bbox 224 3731 390 3794; x_wconf 80' lang='lat' dir='ltr'><strong>iacere.²²⁹</strong></span> 
     </span>
    </p>

    <p class='ocr_par' dir='ltr' id='par_1_11' title="bbox 225 3813 1426 4218">
     <span class='ocr_line' id='line_1_34' title="bbox 266 3833 1426 3919; baseline 0.005 -25"><span class='ocrx_word' id='word_1_249' title='bbox 266 3834 313 3895; x_wconf 89' lang='lat' dir='ltr'><strong>Et</strong></span> <span class='ocrx_word' id='word_1_250' title='bbox 328 3849 435 3911; x_wconf 88' lang='lat' dir='ltr'><strong>neque</strong></span> <span class='ocrx_word' id='word_1_251' title='bbox 450 3833 641 3912; x_wconf 89' lang='lat' dir='ltr'><strong>Episcopus</strong></span> <span class='ocrx_word' id='word_1_252' title='bbox 657 3834 714 3911; x_wconf 89' lang='lat' dir='ltr'><strong>jus</strong></span> <span class='ocrx_word' id='word_1_253' title='bbox 730 3833 842 3913; x_wconf 82' lang='lat' dir='ltr'><strong>habet,</strong></span> <span class='ocrx_word' id='word_1_254' title='bbox 859 3836 949 3912; x_wconf 93' lang='lat' dir='ltr'><strong>quod</strong></span> <span class='ocrx_word' id='word_1_255' title='bbox 964 3835 996 3896; x_wconf 90' lang='lat' dir='ltr'><strong>ei</strong></span> <span class='ocrx_word' id='word_1_256' title='bbox 1011 3853 1072 3914; x_wconf 90' lang='lat' dir='ltr'><strong>per</strong></span> <span class='ocrx_word' id='word_1_257' title='bbox 1083 3836 1177 3919; x_wconf 30' lang='lat' dir='ltr'><strong>,diem</strong></span> <span class='ocrx_word' id='word_1_258' title='bbox 1194 3841 1276 3899; x_wconf 88' lang='lat' dir='ltr'><strong>ante</strong></span> <span class='ocrx_word' id='word_1_259' title='bbox 1292 3838 1426 3900; x_wconf 86' lang='lat' dir='ltr'><strong>sodales</strong></span> 
     </span>
     <span class='ocr_line' id='line_1_35' title="bbox 225 3934 1426 4017; baseline 0.004 -21"><span class='ocrx_word' id='word_1_260' title='bbox 225 3936 396 4013; x_wconf 90' lang='lat' dir='ltr'><strong>nuntient,</strong></span> <span class='ocrx_word' id='word_1_261' title='bbox 416 3936 557 4014; x_wconf 90' lang='lat' dir='ltr'><strong>quaein</strong></span> <span class='ocrx_word' id='word_1_262' title='bbox 576 3934 725 3998; x_wconf 90' lang='lat' dir='ltr'><strong>comitiis</strong></span> <span class='ocrx_word' id='word_1_263' title='bbox 742 3935 1029 3998; x_wconf 88' lang='lat' dir='ltr'><strong>extraordinariis</strong></span> <span class='ocrx_word' id='word_1_264' title='bbox 1049 3939 1295 4017; x_wconf 86' lang='lat' dir='ltr'><strong>pertractanda</strong></span> <span class='ocrx_word' id='word_1_265' title='bbox 1313 3943 1426 4001; x_wconf 89' lang='lat' dir='ltr'><strong>erunt.</strong></span> 
     </span>
     <span class='ocr_line' id='line_1_36' title="bbox 226 4031 1426 4134; baseline 0.003 -36"><span class='ocrx_word' id='word_1_266' title='bbox 226 4039 313 4100; x_wconf 85' lang='lat' dir='ltr'><strong>Nam</strong></span> <span class='ocrx_word' id='word_1_267' title='bbox 333 4037 439 4100; x_wconf 82' lang='lat' dir='ltr'><strong>Sacra</strong></span> <span class='ocrx_word' id='word_1_268' title='bbox 458 4037 686 4115; x_wconf 84' lang='lat' dir='ltr'><strong>Congregatio</strong></span> <span class='ocrx_word' id='word_1_269' title='bbox 704 4037 850 4099; x_wconf 79' lang='lat' dir='ltr'><strong>Concilii</strong></span> <span class='ocrx_word' id='word_1_270' title='bbox 868 4038 905 4098; x_wconf 91' lang='lat' dir='ltr'><strong>in</strong></span> <span class='ocrx_word' id='word_1_271' title='bbox 923 4037 1122 4134; x_wconf 74' lang='lat' dir='ltr'><strong>Balpeoreg.</strong></span> <span class='ocrx_word' id='word_1_272' title='bbox 1142 4040 1197 4101; x_wconf 92' lang='lat' dir='ltr'><strong>die</strong></span> <span class='ocrx_word' id='word_1_273' title='bbox 1215 4039 1257 4100; x_wconf 84' lang='lat'><strong>26</strong></span> <span class='ocrx_word' id='word_1_274' title='bbox 1276 4031 1426 4118; x_wconf 86' lang='lat' dir='ltr'><strong>Augusti</strong></span> 
     </span>
     <span class='ocr_line' id='line_1_37' title="bbox 227 4138 1426 4218; baseline 0.003 -17"><span class='ocrx_word' id='word_1_275' title='bbox 227 4140 431 4218; x_wconf 88' lang='lat' dir='ltr'><strong>paragraph.</strong></span> <span class='ocrx_word' id='word_1_276' title='bbox 450 4141 470 4199; x_wconf 86' lang='grc'>4</span> <span class='ocrx_word' id='word_1_277' title='bbox 489 4138 679 4201; x_wconf 89' lang='lat' dir='ltr'><strong>clarissime</strong></span> <span class='ocrx_word' id='word_1_278' title='bbox 697 4139 903 4201; x_wconf 84' lang='lat' dir='ltr'><strong>declaravit:</strong></span> <span class='ocrx_word' id='word_1_279' title='bbox 923 4141 924 4148; x_wconf 75' lang='grc'>’</span> <span class='ocrx_word' id='word_1_280' title='bbox 944 4141 1080 4202; x_wconf 86' lang='lat' dir='ltr'><strong>“Novus</strong></span> <span class='ocrx_word' id='word_1_281' title='bbox 1098 4144 1152 4203; x_wconf 91' lang='lat' dir='ltr'><strong>est</strong></span> <span class='ocrx_word' id='word_1_282' title='bbox 1170 4141 1307 4204; x_wconf 92' lang='lat' dir='ltr'><strong>omnino</strong></span> <span class='ocrx_word' id='word_1_283' title='bbox 1327 4147 1426 4205; x_wconf 87' lang='lat' dir='ltr'><strong>actus</strong></span> 
     </span>
    </p>
   </div>
   <div class='ocr_carea' id='block_1_7' title="bbox 262 4351 1164 4550">
    <p class='ocr_par' dir='ltr' id='par_1_12' title="bbox 262 4351 1164 4550">
     <span class='ocr_line' id='line_1_38' title="bbox 262 4351 706 4410; baseline 0.007 -9"><span class='ocrx_word' id='word_1_284' title='bbox 262 4352 402 4409; x_wconf 72' lang='lat' dir='ltr'><strong>¹&#39;&#39;Luotdh</strong></span> <span class='ocrx_word' id='word_1_285' title='bbox 419 4364 464 4410; x_wconf 89' lang='lat' dir='ltr'><strong>op.</strong></span> <span class='ocrx_word' id='word_1_286' title='bbox 482 4351 532 4402; x_wconf 89' lang='lat' dir='ltr'><strong>olt.</strong></span> <span class='ocrx_word' id='word_1_287' title='bbox 549 4363 629 4403; x_wconf 87' lang='lat' dir='ltr'><strong>num.</strong></span> <span class='ocrx_word' id='word_1_288' title='bbox 646 4353 706 4404; x_wconf 79' lang='lat'>145.</span> 
     </span>
     <span class='ocr_line' id='line_1_39' title="bbox 263 4421 1164 4482; baseline 0.003 -10"><span class='ocrx_word' id='word_1_289' title='bbox 263 4422 289 4447; x_wconf 82' lang='lat'><strong>¹²¹</strong></span> <span class='ocrx_word' id='word_1_290' title='bbox 300 4421 327 4472; x_wconf 81' lang='lat' dir='ltr'><strong>S.</strong></span> <span class='ocrx_word' id='word_1_291' title='bbox 345 4421 375 4472; x_wconf 80' lang='grc' dir='ltr'><strong>Ο.</strong></span> <span class='ocrx_word' id='word_1_292' title='bbox 393 4421 519 4471; x_wconf 82' lang='lat' dir='ltr'><strong>concilii</strong></span> <span class='ocrx_word' id='word_1_293' title='bbox 537 4421 569 4470; x_wconf 90' lang='lat' dir='ltr'><strong>ln</strong></span> <span class='ocrx_word' id='word_1_294' title='bbox 586 4421 759 4479; x_wconf 84' lang='lat' dir='ltr'><strong>Assislensi,</strong></span> <span class='ocrx_word' id='word_1_295' title='bbox 776 4422 810 4473; x_wconf 83' lang='lat'><strong>21</strong></span> <span class='ocrx_word' id='word_1_296' title='bbox 828 4423 1047 4482; x_wconf 74' lang='lat' dir='ltr'><strong>lan.1798,ad</strong></span> <span class='ocrx_word' id='word_1_297' title='bbox 1065 4425 1164 4476; x_wconf 79' lang='lat' dir='ltr'><strong>Ilum.</strong></span> 
     </span>
     <span class='ocr_line' id='line_1_40' title="bbox 264 4491 922 4550; baseline 0.005 -10"><span class='ocrx_word' id='word_1_298' title='bbox 264 4491 459 4550; x_wconf 82' lang='lat' dir='ltr'><strong>¹²·Passer1n1,</strong></span> <span class='ocrx_word' id='word_1_299' title='bbox 476 4495 545 4550; x_wconf 81' lang='lat' dir='ltr'><strong>cup.</strong></span> <span class='ocrx_word' id='word_1_300' title='bbox 562 4498 596 4542; x_wconf 83' lang='lat'><strong>1⁰</strong></span> <span class='ocrx_word' id='word_1_301' title='bbox 613 4503 641 4542; x_wconf 88' lang='lat' dir='ltr'><strong>n.</strong></span> <span class='ocrx_word' id='word_1_302' title='bbox 659 4495 692 4543; x_wconf 79' lang='lat'><strong>49</strong></span> <span class='ocrx_word' id='word_1_303' title='bbox 708 4493 745 4543; x_wconf 86' lang='lat' dir='ltr'><strong>de</strong></span> <span class='ocrx_word' id='word_1_304' title='bbox 761 4493 922 4544; x_wconf 86' lang='lat' dir='ltr'><strong>Elootlone.</strong></span> 
     </span>
    </p>
   </div>
   <div class='ocr_carea' id='block_1_8' title="bbox 0 0 1684 5166">
    <p class='ocr_par' dir='ltr' id='par_1_13' title="bbox 0 0 1684 5166">
     <span class='ocr_line' id='line_1_41' title="bbox 0 0 1684 5166; baseline 0 0"><span class='ocrx_word' id='word_1_305' title='bbox 0 0 1684 5166; x_wconf 95' lang='lat' dir='ltr'><strong> </strong></span> 
     </span>
    </p>
   </div>
  </div>
 </body>
</html>
