3336 5166
491 482 541 540 De
561 482 900 557 confraternitattbce
916 484 1158 546 llcclceiastlcia
1398 485 1435 545 69

279 684 357 745 Νοιι
377 681 537 746 obstante
556 700 636 746 vero
656 685 719 747 bac
740 685 1006 765 dispensatione,
1029 684 1158 748 Sancta
1181 683 1284 748 Sedes
1306 701 1439 764 semper

236 784 455 864 desideravit,
478 785 568 864 quod
588 786 785 848 formalitas
806 787 889 850 baec
911 787 1168 866 adimpleretur,
1190 787 1324 866 quoties
1346 787 1438 849 foret

236 887 408 966 possibile,
428 903 471 950 ne
488 887 540 950 ita
560 889 710 952 membra
730 887 1039 952 Ooniraternitatis
1059 893 1138 969 post
1157 905 1274 950 eorum
1294 893 1436 950 mortem

236 989 457 1067 privarentur
474 988 688 1067 suffragiis.⁸²

279 1091 377 1164 Quod
400 1090 529 1153 attinet
551 1107 630 1153 vero
653 1091 764 1170 ipsam
788 1090 1000 1155 materialem
1023 1091 1293 1171 inscriptionem,
1318 1091 1438 1154 distin·

236 1193 407 1271 quendum
434 1196 487 1255 est
512 1192 605 1254 inter
631 1193 962 1256 Oonfraternitates:
1012 1194 1054 1254 In
1082 1192 1437 1256 Confraternitatibus

236 1310 324 1372 quae
340 1310 409 1355 non
425 1294 552 1357 babent
569 1294 675 1357 alium
693 1295 830 1357 modum
847 1294 1035 1374 recipiendi
1052 1295 1092 1356 in
1107 1294 1437 1357 Onniraternitatem
1480 1283 1482 1288 ’

236 1395 305 1457 nisi
327 1395 522 1474 peripsam
544 1395 803 1474 inscriptionem
826 1397 863 1457 in
887 1396 1022 1475 Album,
1046 1413 1182 1458 necesse
1203 1400 1256 1458 est
1278 1397 1368 1475 quod
1389 1397 1438 1457 in·

236 1496 382 1577 scriptio
410 1497 492 1560 baec
522 1498 565 1560 ab
594 1497 671 1582 ipso
701 1497 880 1562 Directore
909 1496 1210 1560 confraternitatis
1240 1502 1437 1577 peragatur.

236 1599 353 1678 Neque
374 1598 449 1678 ipse
471 1602 585 1676 potest
608 1615 681 1662 sese
702 1599 922 1677 subdelegare
945 1599 1014 1660 nisi
1036 1601 1173 1662 statuta
1195 1598 1273 1678 ipsa
1295 1599 1383 1662 hanc
1405 1599 1438 1662 ei

237 1701 319 1763 dent
344 1700 558 1767 facultatem.
605 1700 701 1762 Idem
726 1700 906 1762 dicendum
933 1699 974 1764 de
999 1701 1045 1762 iis
1072 1700 1437 1779 confraternitatibus,

235 1819 323 1881 quae
336 1802 376 1863 in
389 1803 462 1864 suis
478 1801 622 1864 statutis
637 1802 767 1880 dicunt,
783 1803 874 1880 quod
888 1801 1027 1864 nomina
1043 1818 1206 1863 novorum
1223 1801 1437 1864 confratrum

234 1904 273 1965 in
293 1905 420 1966 Album
440 1904 646 1966 recensenda
666 1902 738 1966 sint
758 1904 800 1965 ab
821 1903 898 1982 ipso
918 1902 1228 1966 confraternitatis
1249 1902 1437 1980 Directore,

236 2005 426 2085 quiatnnc
452 2005 535 2068 illae
562 2004 772 2067 Sodalitates
798 2004 1000 2066 existimant
1025 2004 1238 2066 materialem
1265 2004 1362 2068 illam
1389 2005 1437 2066 in-

236 2107 458 2185 scriptionem
487 2110 664 2186 tamquam
694 2106 830 2168 unicam
862 2106 1110 2167 formalitatem
1141 2107 1298 2168 absolute
1328 2123 1436 2169 neces-

237 2209 365 2271 sariam
387 2226 450 2287 pro
472 2208 679 2272 admissione
701 2208 738 2270 in
761 2207 1098 2270 confraternitatem.
1144 2209 1220 2270 Hoc
1243 2209 1341 2270 modo
1363 2226 1438 2286 pro·

237 2310 354 2373 cedere
370 2309 507 2372 videtur
523 2309 900 2372 Archiconiraternitas
916 2310 1018 2388 vulgo
1035 2309 1130 2372 dicta
1147 2312 1187 2372 de
1204 2311 1311 2372 Notre
1328 2313 1437 2372 Domo

236 2414 284 2474 do
306 2411 447 2475 Sctat⁹⁸

278 2513 465 2592 Postquam
489 2516 603 2576 autem
627 2512 706 2574 novi
729 2512 863 2575 sodales
886 2511 1015 2591 recepti
1037 2516 1120 2574 sunt
1143 2513 1370 2592 personaliter
1394 2513 1437 2576 ab

235 2615 312 2694 ipso
340 2614 528 2692 Directore,
555 2617 639 2676 tunc
665 2613 848 2693 inscriptio
875 2612 1066 2677 materialis
1094 2614 1132 2676 in
1159 2614 1284 2676 Album
1311 2633 1332 2677 a
1360 2631 1437 2693 quo-

236 2733 379 2795 cumque
393 2716 468 2778 fieri
481 2719 604 2794 potest.
639 2717 742 2778 Patet
756 2716 818 2778 boc
831 2733 873 2777 ex
887 2715 1032 2776 Decreto
1046 2715 1245 2778 authentico
1258 2734 1291 2778 n.
1305 2716 1377 2793 331,
1392 2717 1437 2778 ad

236 2822 374 2881 l-um:
410 2820 535 2881 Utrum
549 2819 674 2881 Rector
688 2816 996 2879 confraternitatis
1011 2817 1151 2879 nomina
1165 2817 1436 2897 recipiendorum

236 2920 289 2983 vel
311 2923 525 2998 receptorum
546 2919 584 2980 in
605 2920 732 2982 Album
753 2917 1062 2980 Oonfraternitatis
1085 2919 1207 2981 debeat
1228 2919 1438 2984 inscribere?

236 3023 449 3100 Responsum
483 3021 571 3084 fuit:
616 3019 804 3098 Inscriptio
838 3019 1029 3082 materialis
1063 3037 1084 3082 a
1119 3036 1329 3099 quocumque
1362 3021 1438 3084 fleri

235 3128 360 3204 potest,
381 3122 570 3185 dummodo·
582 3123 625 3185 ab
645 3123 790 3185 habente
809 3121 1013 3184 facultatem
1033 3125 1171 3184 tantum
1193 3120 1437 3186 christifidelis

236 3226 284 3288 sit
301 3226 369 3289 rite
386 3223 575 3303 receptus.’'

234 3374 299 3426 ulla
319 3371 516 3431 inscriptione
538 3370 689 3422 materiali
712 3369 843 3421 nominis
864 3369 897 3421 in
919 3369 996 3420 libro
1018 3368 1148 3429 alicuius
1171 3369 1436 3424 confraternitatis

234 3441 375 3500 inscripti
391 3443 570 3492 censeantur
585 3439 618 3490 in
632 3438 918 3491 confraternitatem
934 3439 995 3498 iam
1011 3438 1154 3490 canonice
1169 3443 1299 3498 erectam
1315 3441 1348 3490 in
1363 3440 1436 3499 loco,

234 3510 287 3562 ubi
306 3509 405 3569 prima
422 3509 488 3560 vioe
507 3508 620 3560 eisdem
638 3508 683 3560 eis
701 3508 857 3565 scapulare
876 3507 1054 3566 impunitum
1077 3508 1135 3566 rel,
1155 3507 1182 3558 ri
1202 3519 1297 3568 neque
1316 3509 1437 3562 confra-

234 3578 364 3632 ternitas
384 3576 577 3629 carmelitica
594 3577 692 3628 adhuc
711 3579 811 3627 erecta
829 3575 999 3634 reperiatur
1019 3575 1052 3626 in
1071 3588 1106 3626 eo
1126 3577 1199 3634 loco,
1218 3577 1299 3636 urbe,
1319 3578 1436 3637 oppido,

233 3646 297 3698 sint
318 3658 353 3696 eo
373 3645 439 3704 ipso
458 3644 603 3704 adscripti
622 3645 655 3694 in
676 3644 961 3697 confraternitatem
980 3644 1158 3696 viciniorem
1179 3649 1209 3697 et
1230 3649 1381 3706 tamqnam
1404 3647 1437 3696 in

234 3716 522 3769 confraternitatem
550 3715 695 3773 adscripti
724 3714 853 3774 gaudere
880 3714 997 3773 possint
1024 3715 1230 3774 indulgentiis,
1259 3717 1436 3777 privilegiis,

234 3784 440 3842 facultatibus,
462 3783 570 3844 gratiis
592 3782 802 3843 spiritualibus
823 3786 854 3834 et
875 3783 1081 3844 indulgentiis,
1103 3796 1178 3843 quae
1202 3783 1316 3838 Summi
1338 3786 1437 3838 Ponti·

234 3853 305 3906 lices
325 3851 632 3914 confraternitatibus
653 3851 854 3903 carmeliticis
875 3852 954 3903 sacri
976 3853 1142 3911 scapularis
1164 3856 1400 3906 concesserunt.”

271 3923 317 3972 Ex
336 3920 492 3973 audientia
512 3920 596 3972 SSmi
616 3921 665 3972 die
685 3921 717 3972 30
735 3920 850 3979 Aprilis
870 3920 939 3972 1836
960 3921 1070 3974 SSmus
1090 3923 1125 3972 D.
1144 3923 1180 3973 N.
1199 3923 1361 3983 Gregorius
1380 3924 1436 3976 ΡΡ.

232 3991 303 4042 xv1
326 3989 453 4041 attentis
475 3988 676 4048 peculiaribus
699 3989 936 4041 circumstantiis
959 4001 993 4041 ac
1016 3990 1139 4051 praevia
1161 3991 1317 4043 unedone
1339 3993 1436 4052 quoad

233 4058 441 4118 praeteritum,
462 4057 588 4118 benigne
609 4056 716 4109 annuit
737 4058 770 4109 iu
790 4057 927 4110 omnibus
949 4059 1034 4119 iuxta
1055 4071 1165 4118 preces,
1186 4059 1315 4113 serratis
1334 4064 1437 4113 tamen

234 4127 269 4180 in
284 4125 408 4186 reliquis
425 4126 461 4176 de
478 4138 559 4177 more
575 4126 731 4179 servandis
746 4126 785 4177 ad
800 4127 928 4177 formam
945 4127 1186 4186 praecedentium
1203 4129 1435 4189 concessionum,

233 4195 397 4246 contrariis
425 4193 658 4254 quibuscumque
686 4207 747 4245 non
774 4194 971 4247 obstantibus.
1016 4197 1173 4248 Praesenti
1199 4197 1232 4248 in
1260 4203 1435 4258 perpetuum

231 4263 366 4315 valituro
380 4262 491 4323 absque
506 4263 569 4314 ulla
584 4262 690 4314 Brevis
705 4262 901 4322 expeditione.

269 4333 288 4360 ¹¹
303 4332 350 4391 (3)
378 4332 537 4382 Decretum
560 4331 651 4388 auth..
676 4333 709 4384 1⁷
732 4331 915 4391 Septembris
939 4333 1016 4391 1845,
1039 4346 1068 4385 n.
1092 4334 1156 4386 dio:
1185 4335 1341 4387 “Monendi
1364 4340 1436 4388 sunt

233 4401 365 4461 praefati
388 4401 566 4458 sacerdotes,
590 4405 624 4453 ut
646 4401 769 4452 nomina
792 4406 978 4461 receptorum
1000 4403 1032 4453 in
1056 4403 1123 4454 albo
1147 4404 1243 4464 ipsius
1266 4406 1436 4459 sodalitatis

232 4471 399 4529 vicinioris,
432 4471 496 4523 sive
526 4472 701 4524 monasterii
733 4471 953 4531 Religiosorum
984 4473 1149 4532 respective
1181 4475 1344 4528 inscribere
1376 4489 1436 4528 non

232 4542 385 4600 omittant,
403 4554 441 4592 ne
458 4542 491 4592 in
508 4553 611 4592 eorum
628 4541 712 4594 obitu
728 4542 883 4603 eumerus
901 4543 1084 4604 priventurr’

269 4613 288 4640 '¹
298 4612 496 4674 Rescriptum,
512 4613 603 4670 auth..
621 4622 686 4672 aaa.
703 4613 762 4664 628.
931 4617 933 4622 ’
