3340 5170
472 449 522 506 De
541 444 880 519 Oosssoterssitots'bos
895 443 1138 506 Ecclesiasticis
1378 441 1421 510 411Ι

216 645 256 704 ut
274 659 315 704 ex
333 642 396 703 hac
414 639 650 719 spiritualium
669 637 936 718 participatione
955 636 1146 716 gratiarum
1167 635 1415 698 Obristiddeles

216 727 262 790 ad
278 725 490 788 devotionem
505 729 541 789 et
556 725 720 803 pietatem
736 723 846 802 magis
861 723 1065 799 excitentur,
1083 722 1293 784 auctoritate
1309 722 1416 784 Nobis

216 829 239 873 a
278 811 427 873 Summis
466 809 692 871 Pontificibus
730 825 890 871 concessa
928 806 1259 871 confraternitatem
1297 805 1344 869 N!
1377 807 1416 867 in

216 896 359 959 ecclesIa
378 896 421 957 N.
440 894 507 958 loci
526 895 569 956 N.
589 893 742 956 Diocesis
763 895 804 956 N.
825 893 867 954 de
886 908 1052 954 consensu
1070 891 1138 953 loci
1158 891 1337 953 Ordinarii
1356 891 1417 969 qui

216 981 368 1058 ejnsdem
393 978 703 1042 Ooniraternitatis
726 976 939 1054 institutum,
964 976 1127 1054 pietatem
1152 993 1192 1039 ac
1217 975 1416 1053 religionem

215 1065 360 1127 Litteris
382 1063 581 1142 patentibus
604 1063 703 1125 nobis
725 1061 1019 1140 nuper-exhibitis
1043 1059 1301 1136 commendavit,
1324 1061 1417 1122 dum-

214 1150 315 1210 modo
331 1148 411 1209 huic
428 1146 499 1209 alia
514 1146 637 1208 similis
653 1145 781 1224 inipso
798 1147 872 1208 loco
889 1146 940 1208 vei
957 1145 996 1208 in
1012 1144 1083 1206 aiio
1101 1145 1145 1206 ad
1161 1143 1232 1207 tria
1250 1142 1417 1206 milliaria

217 1235 410 1314 propinquo
428 1235 503 1296 loco
523 1235 689 1297 hactenus
708 1236 822 1296 erecta
842 1250 911 1296 non
929 1231 1046 1310 inerit,
1067 1249 1128 1311 per
1147 1235 1343 1310 praesentes
1363 1247 1418 1292 no

219 1323 311 1382 stras
330 1319 482 1381 Litteras
500 1317 663 1396 erigimus
679 1320 715 1379 et
732 1315 959 1394 instituimus,
978 1316 1116 1394 illisque
1133 1319 1168 1379 et
1186 1333 1249 1395 pro
1267 1318 1419 1393 tempore

216 1403 445 1466 existentibus
468 1402 649 1481 utriusque
673 1419 773 1464 sexus
797 1400 1040 1463 Contratribus
1064 1400 1252 1478 elargimur
1274 1403 1309 1462 et
1333 1415 1417 1461 com·

218 1488 431 1550 muniremus
450 1485 700 1565 Indulgentiae,
718 1485 899 1565 privilegia
916 1489 952 1548 et
970 1485 1135 1564 speciales
1153 1485 1286 1563 gratias
1303 1483 1418 1561 singil-

215 1573 315 1636 latim
339 1571 531 1651 descriptas
554 1572 593 1633 in
616 1571 777 1648 Elencho,
801 1588 900 1649 quem
924 1569 992 1632 rite
1016 1587 1077 1647 per
1100 1569 1324 1634 Ordinarium
1347 1569 1416 1630 loci

219 1657 432 1736 recognitum
458 1673 630 1720 unacum
657 1656 711 1718 bis
737 1655 881 1718 Litteris
907 1655 1077 1717 tradimus
1104 1655 1288 1732 diligenter
1315 1671 1420 1716 asser-

215 1743 392 1805 vandum⁵⁸
410 1742 541 1815 Quibus
556 1742 713 1804 omnibus
732 1740 963 1819 Indulgentiis
979 1745 1014 1803 et
1032 1740 1274 1819 spiritualibus
1291 1738 1416 1818 gratiis

215 1827 399 1907 descriptis
435 1826 765 1889 Ooniraternitatem
798 1827 910 1904 ipsam
946 1843 1037 1888 nunc
1070 1829 1219 1888 erectam
1253 1823 1416 1902 eJusquae

218 1913 411 1975 confratres
424 1912 531 1991 potiri
544 1915 580 1975 et
593 1912 741 1990 gaudere
754 1929 853 1991 posse
866 1911 1079 1975 decernimus
1092 1911 1193 1992 juxta
1206 1929 1247 1974 ea
1261 1929 1347 1990 quae
1361 1910 1418 1973 iel.

216 2015 280 2060 me.
318 1997 472 2061 Clemens
489 1999 586 2076 Papa
602 1997 695 2059 VIII
711 1998 750 2058 in
767 1997 1024 2060 Constitutione
1039 2014 1126 2075 quae
1142 1996 1283 2075 incipit:
1314 1997 1418 2075 Quae-

217 2100 359 2161 cumque
379 2083 463 2146 data
483 2083 546 2145 sub
564 2083 660 2158 diei
681 2081 877 2146 Decembris
897 2083 980 2146 1604
999 2081 1234 2161 praescripsit,
1254 2085 1290 2145 et
1309 2081 1418 2146 varia·

215 2167 328 2230 tiones
351 2186 374 2230 a
398 2167 624 2230 Sanctissimo
648 2168 691 2230 D.
716 2168 758 2231 N.
782 2167 847 2230 Pio
864 2169 967 2247 Papa
992 2169 1045 2230 IX
1069 2169 1288 2247 approbatas,
1314 2172 1354 2230 ut
1378 2168 1417 2230 in

220 2255 356 2316 decreto
374 2252 500 2316 Sacrae
517 2253 800 2332 Congregationis
819 2254 1118 2332 Indulgentiarum
1134 2253 1204 2316 diei
1219 2255 1240 2316 8
1256 2255 1280 2316 J
1282 2251 1420 2318 aunarii

217 2337 310 2415 1861,
337 2341 372 2400 et
399 2337 498 2416 cujus
526 2337 795 2400 Constitutionis
822 2339 1008 2418 praecipua
1035 2338 1180 2417 Oapita”
1209 2357 1285 2402 cnm
1313 2338 1417 2400 dictis
1488 2339 1492 2346 '

217 2423 470 2486 variationibus
485 2423 763 2485 subuectrmtur³²
779 2423 929 2486 scilicet:

262 2525 291 2586 1.
313 2524 411 2596 Quod
434 2525 537 2587 unica
560 2529 697 2588 tantum
721 2525 999 2596 Goniraternitas
1022 2527 1174 2605 ejusdem
1199 2525 1362 2589 Instituti
1384 2529 1420 2589 et

219 2627 352 2704 generis
374 2626 530 2690 instituti
549 2631 584 2689 et
605 2628 785 2706 aggregari
805 2628 916 2707 possit
937 2629 974 2693 in
995 2629 1150 2691 Ecclesia
1170 2632 1243 2690 tam
1263 2628 1419 2690 Saecula·

219 2729 309 2790 rium
324 2745 425 2807 quam
437 2729 669 2807 Regularium.
872 2714 886 2744 ’⁴

262 2831 292 2892 2.
314 2831 412 2903 Quod
429 2831 466 2893 id
484 2830 547 2893 fiat
565 2831 606 2892 de
624 2847 790 2892 consensu
808 2831 987 2894 Ordinarii
1004 2835 1039 2894 et
1058 2849 1134 2895 cnm
1153 2831 1296 2894 Litteris
1314 2831 1420 2894 'l'esti-

219 2931 426 2995 monialibus
447 2931 609 3010 ejusdem.
1092 3009 1094 3014 s

261 3034 291 3096 3.
314 3034 412 3108 Quod
437 3033 727 3097 Ooniraternitati
752 3034 936 3097 institutae
959 3035 1012 3096 vel
1035 3038 1239 3112 aggregatae
1262 3051 1420 3113 expresse

219 3139 254 3198 et
273 3136 310 3197 in
330 3135 441 3214 specie
461 3135 753 3198 communicentur
773 3135 959 3213 Privilegia
978 3140 1014 3198 et
1034 3136 1275 3214 Indulgentiae
1295 3136 1419 3199 Ordini

222 3237 427 3300 Instituenti
454 3241 489 3300 et
518 3237 718 3316 aggreganti
746 3237 949 3299 nominatim
979 3254 1147 3315 concessa,
1175 3255 1244 3298 non
1274 3257 1351 3301 vero
1380 3256 1420 3301 ea

220 3340 344 3418 quibus
362 3357 424 3419 per
443 3339 659 3418 privilegium
680 3340 998 3402 communicationis
1018 3339 1194 3403 fruuntur.

255 3489 385 3539 ¹'Potest
412 3488 504 3540 etiam
531 3488 624 3539 inseri
651 3489 677 3540 si
706 3487 796 3546 iubet,
823 3487 981 3546 dienchua
1009 3489 1040 3538 in
1068 3490 1193 3548 utroque
1220 3491 1321 3540 tamen
1349 3501 1420 3540 casu

218 3555 368 3614 elenchus,
391 3555 453 3614 iam
475 3557 512 3608 ab
533 3556 691 3608 ordinario
714 3557 770 3607 loci
792 3557 970 3615 recognitus,
993 3557 1146 3608 continere
1169 3559 1255 3609 debet
1278 3559 1419 3609 distincte

219 3627 251 3676 et
263 3637 401 3685 expresse
415 3637 475 3676 non
488 3626 544 3677 sub
559 3625 746 3684 generalibus
759 3626 859 3677 verbis
876 3625 1090 3684 indulgentias,
1105 3627 1227 3685 matins,
1243 3628 1296 3677 etc.
1313 3627 1420 3688 quibus

220 3693 353 3745 Societas
375 3705 540 3752 aggregans
561 3694 674 3746 iruitur
696 3694 816 3752 directe,
838 3706 898 3744 non
920 3695 1026 3754 quibus
1048 3707 1100 3755 per
1121 3696 1419 3747 communicationem

219 3763 250 3812 et
276 3762 479 3814 extensionem
506 3762 623 3820 gaudet.
669 3763 714 3826 Ad
741 3762 903 3814 tollendam
931 3765 1032 3814 tanim
1058 3776 1174 3814 omnem
1202 3764 1419 3824 dubitationem

222 3829 293 3880 dum
307 3841 360 3888 ner
374 3831 566 3881 ordinariam
582 3831 638 3880 loct
653 3832 765 3880 dictim
781 3831 950 3891 recognosci
966 3831 1051 3882 debet
1066 3832 1223 3886 Eiencbns.
1240 3832 1422 3892 intelligitur

220 3901 254 3949 ut
267 3898 294 3948 si
309 3898 401 3948 semel
414 3898 451 3948 ab
465 3898 623 3950 ordinario
638 3898 695 3950 loci
710 3898 761 3950 ubl
773 3899 923 3954 autoritas
938 3900 1126 3958 praeceptiva
1141 3898 1270 3956 Ordinis,
1285 3900 1419 3952 Institut.

220 3967 386 4027 Religionis
427 3972 482 4019 etc.
523 3981 598 4028 quse
638 3969 728 4020 habet
769 3970 944 4020 iacultatem
985 3970 1128 4029 erigendi,
1169 3974 1233 4026 etc..
1276 3974 1418 4027 moratur,

220 4036 391 4095 recosnItus
417 4036 509 4088 merit
535 4037 692 4096 manchus,
719 4050 778 4088 non
803 4038 917 4096 indiget
942 4050 1020 4090 nove
1047 4039 1256 4097 recognitione,
1283 4042 1314 4091 et
1339 4040 1419 4090 tradi

221 4105 318 4164 possit
341 4104 482 4156 societati
507 4106 673 4164 erigendae,
697 4109 761 4163 etc,
785 4107 875 4157 etiam
900 4107 972 4157 alibi
996 4120 1063 4158 cum
1088 4107 1288 4158 necessarium
1312 4107 1362 4165 slt,
1386 4110 1420 4159 ut

221 4183 338 4231 semper
360 4172 438 4223 idem
461 4172 503 4222 sit
524 4172 681 4232 manchus,
703 4173 796 4225 salvis
820 4175 1023 4226 additionibus
1045 4187 1120 4235 quae
1142 4188 1177 4226 ex
1199 4175 1285 4227 noris
1307 4183 1422 4227 conces·

221 4239 356 4290 sionibus
375 4240 489 4299 pariter
509 4240 754 4299 recognoscendis
773 4241 838 4292 tieri
859 4242 1020 4308 contingat
1495 4257 1497 4264 ·

256 4307 317 4358 ”Si
340 4308 422 4358 lubet
444 4309 538 4360 inseri
561 4309 653 4360 etiam
676 4311 773 4367 potest
794 4309 912 4369 integra
934 4310 1125 4367 constitutio,
1149 4311 1283 4362 addendo
1307 4312 1339 4361 in
1362 4312 1421 4362 fine

220 4376 404 4428 venationes
418 4389 436 4427 a
450 4377 500 4428 SS.
515 4377 549 4430 D.
562 4377 598 4428 N.
612 4378 799 4436 approbatas.
836 4414 844 4429 .
874 4378 1031 4430 caeterum
1044 4380 1093 4429 vel
1107 4380 1225 4439 integra
1237 4378 1420 4432 consiltutio

220 4444 268 4495 vei
288 4445 395 4496 saltem
416 4445 562 4496 indicatio
581 4457 684 4498 eorum
705 4447 837 4505 capitum
859 4459 934 4507 quae
955 4447 1154 4499 substantiam
1176 4449 1330 4501 continent
1352 4461 1420 4500 cum

221 4513 439 4566 variationibus
457 4514 619 4574 praedictis
638 4515 759 4569 omnino
778 4515 936 4568 inserenda
956 4517 1027 4570 est.”
