3340 5170
250 437 289 496 52
506 439 556 497 De
575 438 915 508 Oousrateraitatibos
930 439 1173 498 Ecclesiasticla

254 634 387 708 eosdem
407 632 584 712 parochos,
604 637 774 712 quatenus
795 633 939 696 rectoris
960 650 1094 710 munus,
1114 649 1180 712 quo
1200 633 1397 711 iunguntur
1416 632 1454 693 in

255 735 444 813 respectiva
458 733 661 814 Sodalitate,
676 735 792 798 fideles
806 735 1023 798 adscribendi
1037 735 1119 812 sint,
1133 734 1246 797 valide
1259 734 1454 813 adscriptos

253 837 425 900 habendos
454 853 529 899 esse
557 837 758 915 declaravit,
777 846 921 898 'necnon
949 836 1203 898 benedictiones
1234 852 1448 912 coronarum,

254 938 419 1018 habitum,
440 938 674 1018 scapularium
695 954 877 1017 eorumque
896 938 1143 1018 impositiones,
1165 941 1239 1015 etc,
1262 938 1305 1000 ab
1326 937 1452 1000 eisdem

253 1041 376 1119 iactas,
407 1044 511 1120 prout
540 1040 731 1102 rectoribus
761 1040 800 1102 in
829 1039 1019 1120 respectiva
1049 1039 1242 1101 sodalitate
1272 1038 1452 1113 tribuitur,

254 1145 351 1204 ratas
375 1142 548 1205 habendas
571 1159 646 1204 esse
669 1141 846 1203 concessit
892 1142 1012 1215 Quoad
1036 1140 1194 1202 futurum
1220 1156 1299 1202 vero
1323 1139 1454 1201 Eadem

256 1243 432 1306 Sanctitas
463 1242 534 1306 Sua
564 1244 708 1321 benigne
737 1242 909 1321 impertiri
938 1243 1083 1320 dignata
1111 1245 1175 1319 est,
1205 1244 1245 1303 ut
1275 1239 1454 1303 Ordinarii

253 1347 405 1407 locorum
418 1344 524 1408 libere
537 1345 717 1422 designare
731 1344 876 1424 possint,
890 1344 921 1406 si
933 1344 986 1406 ita
1000 1343 1038 1404 in
1052 1343 1199 1404 Domino
1211 1341 1452 1422 judicaverint,

253 1447 420 1526 parochos
443 1463 506 1525 pro
528 1450 681 1526 tempore
704 1444 743 1507 in
764 1449 924 1523 rectores,
948 1445 1189 1522 moderatores,
1213 1447 1288 1522 etc,
1314 1442 1454 1503 confra-

252 1549 467 1612 territatum.

608 1683 739 1744 Datum
756 1682 883 1744 Romae
904 1681 958 1744 die
977 1681 998 1744 8
1016 1681 1097 1744 1861

297 1815 328 1877 2.
350 1815 541 1894 Episcopus
568 1818 682 1894 potest
708 1815 897 1894 designare,
923 1817 1113 1895 pancration
1139 1816 1316 1894 loquendo,
1343 1814 1456 1876 Direc·

255 1922 363 1981 torem
387 1917 656 1996 uniuscuiusque
679 1917 988 1996 confraternitatis
1011 1934 1094 1978 suae
1115 1915 1271 1994 diocesis,
1294 1916 1365 1978 sive
1384 1915 1456 1995 jam

254 2020 445 2098 existentis,
468 2020 540 2082 sive
562 2020 606 2082 ab
630 2020 706 2099 ipso
731 2019 873 2098 speciali
896 2019 1096 2098 Apostolica
1119 2018 1288 2081 facultate
1312 2023 1455 2081 erectae.

255 2124 358 2185 Patet
374 2122 437 2185 hoc
452 2139 494 2184 ex
510 2122 645 2184 decreto
662 2123 745 2185 dato
762 2121 819 2185 die
835 2123 876 2184 18
893 2122 1092 2183 Novembris
1110 2139 1201 2184 anno
1220 2121 1312 2200 1842,
1330 2122 1375 2184 ad
1392 2122 1456 2183 3-

254 2242 322 2287 um.
374 2223 645 2302 Interrogationl
675 2223 784 2286 enim:
825 2224 880 2284 An
911 2223 1102 2302 Episcopus
1133 2223 1313 2302 designare
1343 2222 1455 2302 possit

255 2327 457 2388 directorem
495 2325 765 2404 uniuscujusque
803 2325 1113 2387 confraternitatis
1150 2340 1233 2386 suae
1270 2321 1457 2386 dioesesis?

257 2428 363 2492 Sacra
381 2427 633 2507 Congregation
652 2427 847 2506 respondit:
889 2427 1109 2488 Affirmative.

298 2530 380 2592 Dixi
399 2530 568 2609 superius,
588 2531 679 2609 quod
697 2529 889 2609 Episcopus
910 2533 1023 2607 potest
1043 2530 1223 2608 designare
1243 2529 1456 2592 Directorem

255 2632 524 2711 uniuscujusque
553 2631 862 2694 confraternitatis
892 2649 974 2694 suae
1000 2629 1164 2692 dioecesis
1192 2632 1382 2710 perieratim
1412 2633 1456 2692 lo·

256 2737 399 2815 pseudo,
415 2734 497 2812 quia
514 2735 623 2798 relate
641 2735 686 2797 ad
705 2733 1035 2796 confraternitatem
1055 2733 1154 2795 SSmi
1173 2733 1321 2812 Rosarii,
1343 2733 1456 2794 Direc·

254 2842 347 2900 tores
361 2836 618 2899 nominantura
634 2837 670 2898 P.
686 2834 1455 2914 MagistroceneraliOrdinisPraedicatorum

255 2940 289 3002 vi
306 2938 465 3018 specialis
483 2937 641 3016 privilegi
659 2956 680 3000 a
699 2937 733 3000 S.
752 2937 838 3000 Sede
855 2938 1015 3016 concessi,
1032 2939 1085 2999 uti
1103 2939 1272 3001 asseritur
1289 2939 1326 3001 in
1345 2955 1455 3017 opere,

254 3041 310 3104 cui
327 3041 471 3104 titulus:
510 3041 600 3104 Acta
615 3041 650 3103 S.
669 3039 769 3103 Sedis
786 3058 849 3119 pro
866 3040 1038 3104 societate
1054 3041 1155 3103 SSma'
1172 3043 1322 3121 Roaorls',
1341 3043 1405 3105 vol.
1424 3044 1454 3102 1.

256 3141 332 3222 pag.
349 3143 400 3221 26,
417 3141 476 3205 ubi
492 3142 637 3220 legitur:
663 3143 884 3221 Regulariter
900 3143 1059 3205 Director
1077 3143 1385 3208 confraternitatis
1402 3149 1456 3208 est

255 3245 324 3322 ille,
343 3245 404 3323 qui
424 3263 445 3308 a
464 3244 634 3322 Magistro
653 3245 813 3307 Generali
834 3244 976 3306 Ordinis
996 3246 1272 3308 Praedicatorem
1292 3246 1330 3307 in
1350 3245 1455 3326 diplo

254 3350 345 3409 mate
359 3346 542 3409 erectionis
559 3345 867 3409 Confraternitatis
883 3346 1123 3425 designatur.³⁹
1162 3349 1205 3408 In
1221 3348 1322 3427 praxi
1338 3351 1453 3410 autem

256 3449 422 3527 Magister
437 3447 616 3511 Generalis
632 3449 705 3510 iere
720 3465 853 3527 semper
867 3448 904 3509 in
921 3449 993 3510 suis
1010 3449 1153 3510 Litteris
1170 3449 1376 3512 Patentibus
1392 3466 1455 3528 pro

254 3551 424 3613 erectione
438 3549 758 3627 confraternitatis,
776 3549 967 3612 Directoris
983 3548 1128 3612 officium
1144 3551 1300 3612 concedit
1315 3552 1455 3613 Rectori

137 3712 140 3718 .
253 3653 438 3729 Ecclesiae,
453 3651 490 3712 iu
505 3669 574 3730 qua
589 3651 736 3729 erigitur
753 3650 1041 3728 confraternitas,
1058 3651 1129 3715 sive
1144 3651 1313 3730 ejusmodi
1329 3653 1455 3715 Rector

254 3755 302 3817 sit
322 3755 500 3833 parochus,
521 3753 592 3816 sive
613 3752 777 3832 Superior
796 3753 978 3831 Regularis
998 3753 1146 3831 alicujus
1166 3753 1364 3816 conventus
1384 3754 1455 3816 sive

256 3857 421 3920 Sacerdos
435 3855 579 3934 quilibet
594 3855 631 3916 in
646 3855 817 3932 dignitate
830 3853 1062 3916 ecclesiastica
1077 3855 1299 3918 constitutus.

295 3959 325 4020 3.
347 3957 605 4020 Memorandum
621 3959 814 4032 esttamen,
832 3956 921 4033 quod
938 3957 1107 4032 parochus
1122 3956 1285 4019 ecclesiae
1300 3957 1371 4020 sive
1386 3956 1453 4019 loci

255 4061 313 4122 ubi
333 4060 374 4122 fit
393 4059 530 4137 erectio,
550 4075 619 4121 non
639 4063 692 4120 est
712 4075 750 4120 eo
769 4058 845 4136 ipso
867 4057 1175 4120 Confraternitatis
1195 4058 1364 4136 Direct0r‚
1385 4058 1454 4122 nisi

254 4165 423 4241 quatenus
446 4161 494 4224 sit
518 4161 561 4223 ab
584 4159 755 4239 Episcopo
779 4159 931 4238 erigente
955 4159 999 4221 ad
1024 4159 1060 4222 id
1084 4159 1291 4222 nominatus.
1338 4162 1455 4238 Neque

253 4263 443 4342 Episcopus
459 4263 635 4326 declarare
648 4264 762 4340 potest
776 4260 919 4322 rectoris
934 4278 1058 4321 munus
1072 4262 1115 4322 ab
1129 4243 1291 4322 ecclesiae
1304 4265 1453 4340 pastore,

253 4383 339 4445 qnae
356 4365 549 4428 Sodalitate
567 4365 727 4441 donatur,
744 4363 781 4423 in
799 4366 1001 4440 perpetuum
1019 4363 1093 4424 fore
1110 4362 1312 4424 obeundum.
1353 4363 1454 4426 clare

287 4549 344 4602 ¹⁹0.
363 4548 505 4608 caumes.
523 4547 620 4608 Episc.
638 4547 668 4597 et
684 4546 755 4604 Rea.
774 4546 798 4596 1.
834 4545 969 4596 Octobris
988 4543 1065 4596 1655.
