3340 5170
257 433 298 493 62
506 434 926 512 Devortsroternitotibns
937 436 1191 498 Ecclesiasticis

255 629 417 692 canonice
432 634 573 708 erectas,
590 631 698 692 relate
713 631 758 692 ad
773 647 859 709 quas
875 631 1002 709 fideles,
1017 631 1077 709 qui
1091 635 1190 693 extra
1206 631 1334 692 limites
1350 630 1453 694 locali

257 730 444 794 Sodalitati
471 733 679 794 constitutos
706 736 971 810 commorantur,
998 735 1156 794 absentes
1183 732 1357 810 diruntur,
1384 732 1453 794 imo

254 850 333 895 vero
349 851 418 895 non
435 835 639 913 simpliciter
655 835 824 910 absentes,
840 835 900 898 sed
916 833 1020 896 etiam
1039 835 1194 895 eatronei
1211 834 1280 895 dici
1297 836 1452 912 possunt.

253 935 463 1014 Huiusmodi
488 935 613 997 locales
640 935 851 998 Sodalitates
894 983 902 997 .
947 981 954 997 .
999 982 1006 996 .
1050 935 1087 996 in
1114 935 1306 996 confratres
1332 934 1452 997 admit·

254 1041 327 1101 tere
354 1041 526 1116 nequeunt
553 1039 711 1099 absentes
736 1042 836 1099 extra
864 1037 992 1098 limites
1022 1036 1236 1114 Sodalitatis,
1266 1040 1369 1114 atque
1397 1037 1452 1097 hic

256 1141 386 1217 primns
411 1145 463 1202 est
490 1157 608 1201 sensus
633 1143 838 1201 memoratae
864 1138 1082 1216 resolutionis
1111 1140 1144 1200 S.
1172 1136 1453 1215 Congregationis

254 1241 323 1302 diei
344 1242 386 1302 28
407 1241 540 1319 Aprilis
562 1241 643 1302 1761
673 1241 726 1317 (in
748 1240 984 1318 Americana),
1008 1245 1111 1318 atque
1133 1242 1195 1303 hoc
1217 1241 1327 1318 primo
1349 1257 1452 1302 sensu

255 1343 504 1420 adscriptiones
528 1344 721 1420 absentiam
744 1347 817 1404 tum
843 1344 987 1404 Decreto
1011 1343 1114 1404 Urbis
1138 1346 1172 1406 et
1195 1342 1298 1404 Orbis
1321 1341 1389 1403 diei
1412 1341 1453 1400 12

254 1445 386 1523 Aprilis
408 1446 500 1522 1878,
520 1449 593 1505 tum
616 1445 788 1522 praesenti
807 1445 1037 1505 instructione
1057 1444 1180 1506 irritae
1201 1444 1338 1505 omnino
1359 1459 1452 1521 gene·

253 1548 321 1609 rali
340 1548 412 1624 lege
431 1548 504 1608 ane
523 1549 597 1608 nlla
615 1564 703 1608 novo
721 1547 916 1624 acceptione
936 1546 1166 1608 declarantur.

295 1650 325 1711 2.
349 1649 559 1710 sodalitates
581 1649 686 1710 etiam
709 1650 930 1726 universales,
951 1649 1059 1710 relate
1082 1650 1126 1710 ad
1149 1666 1235 1726 quas
1258 1648 1346 1709 nulli
1369 1650 1451 1709 sunt

254 1751 364 1829 primo
382 1751 443 1812 hoc
461 1767 564 1811 sensu
580 1753 738 1812 absentes
755 1767 814 1811 sen
828 1749 997 1828 extranei,
1015 1753 1187 1828 nequeunt
1204 1751 1242 1810 in
1259 1749 1452 1810 confratres

254 1853 437 1915 admittere
456 1852 660 1930 simpliciter
680 1854 857 1930 absentes,·
876 1851 1009 1913 scilicet
1029 1851 1218 1929 requiritur
1237 1869 1279 1912 ex
1300 1851 1376 1928 jure
1396 1851 1452 1913 ad·

253 1955 509 2016 scribendorum
528 1954 724 2032 praesentia
742 1954 942 2032 personalis.
982 1954 1030 2014 At
1050 1954 1248 2014 nullatenus
1268 1970 1362 2014 mens
1382 1952 1452 2012 fuit

254 2056 391 2117 Decreti
423 2072 498 2118 eam
531 2055 738 2132 restringere
769 2056 813 2116 ad
845 2056 957 2116 locum
990 2055 1048 2116 ubi
1082 2054 1257 2117 Sodalitas
1291 2053 1453 2116 canonice

253 2162 367 2220 erecta
388 2157 562 2236 propriam
585 2157 686 2219 habet
708 2157 819 2218 sedem
841 2174 881 2218 ac
903 2160 1076 2233 centrum;
1099 2157 1158 2217 sed
1180 2155 1305 2218 sufficit
1328 2155 1452 2217 adscri-

253 2260 439 2322 bendorum
469 2258 665 2337 praesentia
695 2275 808 2320 coram
838 2275 1057 2336 quocumque,
1087 2258 1146 2335 qui
1169 2273 1385 2334 quocumque
1414 2257 1453 2316 in

199 2393 201 2396 ·
253 2363 329 2423 loco
349 2361 540 2439 delegatam
563 2362 615 2422 vel
637 2361 892 2437 subdelegatam
914 2359 1066 2437 legitime
1088 2359 1212 2420 habeat
1235 2357 1451 2420 adscribendi

251 2463 471 2526 facultatem:
494 2479 562 2523 non
583 2462 707 2523 sufficit
727 2479 806 2522 vero
827 2461 977 2537 moralis,
999 2461 1225 2538 interpretiva
1246 2461 1299 2521 vel
1322 2477 1451 2538 reprae

253 2566 425 2627 sentativa
453 2565 661 2642 praesentia¹
677 2582 738 2642 per
765 2564 903 2624 litteras
931 2567 992 2624 aut
1020 2563 1090 2624 alio
1117 2563 1236 2640 quovis
1264 2563 1363 2624 modo
1391 2579 1452 2641 per

252 2667 477 2744 interpositas
501 2666 605 2728 etiam
630 2683 810 2743 personas:
835 2669 938 2742 atque
962 2665 1016 2724 hic
1040 2668 1093 2725 est
1118 2666 1207 2726 alter
1230 2681 1360 2740 sensus,
1385 2679 1451 2741 quo

252 2769 503 2847 adscriptiones
529 2769 722 2829 absentiam
746 2767 847 2844 juxta
872 2765 1098 2827 resolutiones
1123 2766 1161 2826 in
1185 2765 1390 2827 Americana
1416 2768 1451 2825 et

251 2872 352 2948 juxta
375 2872 599 2948 memoratum
623 2870 805 2929 Decretum
829 2868 950 2928 irritae
973 2871 1068 2943 sunt,
1087 2884 1127 2928 ac
1150 2867 1322 2945 praesenti
1346 2866 1450 2926 etiam

252 2972 481 3034 instructione
495 2970 618 3033 irritae
633 2970 767 3048 quidem
784 2971 934 3047 generali
951 2970 1032 3047 lege,
1049 2971 1108 3030 sed
1123 2987 1200 3031 cnm
1214 2971 1450 3048 infrascriptis

252 3074 506 3152 acceptionibus
524 3075 753 3134 metarentur.

285 3177 323 3238 3.
346 3175 509 3248 Quamvis
531 3174 727 3251 'generatim
758 3174 866 3234 relate
896 3174 940 3234 ad
971 3173 1310 3234 communicationem
1340 3173 1449 3233 indul·

252 3277 445 3355 gentiarum
474 3292 666 3338 communes
693 3292 756 3353 pro
785 3274 904 3352 quavis
934 3274 1104 3336 Societate
1131 3274 1224 3335 latae
1252 3273 1449 3351 sintleges,

251 3379 455 3458 praesertim
490 3379 525 3438 in
563 3376 819 3439 Constitutione
855 3376 1039 3438 Clementis
1075 3377 1166 3436 VIII
1206 3377 1451 3452 Quoscumque.

251 3484 367 3542 tamen
385 3480 492 3542 relate
509 3481 554 3541 ad
571 3479 677 3556 legem
696 3480 822 3541 deuon
841 3477 1075 3540 adscribendis
1093 3479 1292 3548 absentibus
1309 3479 1450 3556 ejusque

251 3582 476 3660 exceptiones,
511 3599 654 3658 aequum
688 3583 741 3641 est
775 3580 987 3657 distinguere
1020 3579 1112 3640 inter
1148 3578 1329 3657 Sodalitia,
1363 3595 1450 3657 qnae

251 3683 420 3746 strictiori
437 3701 540 3745 sensu
559 3681 711 3760 Oollegia
728 3681 797 3743 dici
816 3685 970 3759 possunt,
990 3684 1030 3742 nt
1048 3698 1121 3742 esse
1140 3682 1251 3742 solent
1271 3681 1451 3759 pleraeque

251 3786 383 3865 proprii
402 3785 551 3846 nominis
571 3783 885 3845 confraternitates
903 3784 947 3845 ad
967 3783 1103 3850 modum
1122 3782 1276 3859 organici
1297 3781 1449 3860 corporis

252 3889 470 3964 constitutae,
498 3893 533 3950 et
562 3886 741 3962 Sodalitia,
770 3903 857 3962 quae
885 3884 1008 3947 laxiori
1034 3885 1137 3945 modo
1166 3882 1285 3945 sociali
1314 3884 1449 3945 vinculo

250 3990 468 4067 colligantur,
497 3992 537 4050 nt
561 3986 636 4050 esse
662 3987 773 4049 solent
799 3987 915 4066 plures
941 3987 1045 4048 etiam
1075 3986 1388 4066 confraternitates
1415 3989 1450 4047 et

250 4092 430 4169 pleraeque
453 4091 531 4167 piae
555 4089 820 4166 Associationes,
846 4088 1144 4166 Congregationes,
1169 4086 1449 4165 Aggrcgationes,

250 4193 401 4255 Uniones
417 4210 457 4255 ac
472 4192 531 4270 pia
547 4191 670 4271 Opera,
686 4195 727 4253 ut
741 4193 874 4253 vocant.
913 4190 1010 4251 Inter
1027 4189 1128 4268 plura
1145 4189 1347 4251 discrimina
1362 4205 1449 4267 quae

249 4295 295 4358 ad
318 4298 530 4374 praesentem
553 4294 654 4355 finem
677 4309 746 4354 non
768 4293 875 4355 refert
897 4308 958 4353 nec
980 4291 1084 4354 facile
1106 4295 1159 4352 est
1182 4289 1378 4352 accuratius
1402 4291 1448 4356 in·

249 4397 393 4476 quirere,
415 4397 503 4459 illud
527 4395 673 4458 maxime
695 4396 740 4457 ad
763 4412 833 4455 rem
857 4393 1007 4471 pertinet
1030 4393 1216 4468 advertere,
1240 4392 1330 4470 quod
1353 4391 1449 4452 stric-

250 4499 333 4561 tiori
356 4517 458 4560 sensu
482 4498 644 4576 Collegia,
668 4514 727 4558 seu
750 4496 881 4576 proprii
905 4495 1053 4557 nominis
1077 4494 1390 4556 Confraternitates
1414 4497 1449 4556 et
