3336 5166
207 319 264 378 104
477 320 527 377 De
543 291 882 393 coutrotcmitutibus
895 318 1138 378 Ecclesiasticic

252 513 302 574 12.
326 513 421 576 Idem
440 513 603 575 Pontifex
622 530 683 592 per
701 513 884 575 Decretum
905 512 1031 576 Sacrae
1051 513 1335 592 Congregationis
1355 516 1409 576 In·

209 615 465 694 dulgentiarum
487 613 617 678 dioilo
637 615 796 678 Octobris
818 615 911 693 1866,
932 615 1031 677 entre
1051 615 1309 694 postulantibus
1330 632 1409 677 non-

209 717 317 781 nullis
334 721 409 780 tum
428 717 669 796 Superioribus
688 716 856 778 Ordinum
874 716 1095 794 regularium,
1113 720 1188 778 tum
1207 717 1409 780 Rectoribus

209 819 654 897 Archicoufraternitatum,
674 818 819 897 benigne
837 817 995 896 indulsit,
1016 822 1056 880 ut
1075 819 1236 897 praefata
1255 817 1408 896 capitum

209 920 379 1001 expositio
394 921 433 983 in
449 924 624 1000 posterum
641 920 746 982 etiam
763 920 951 998 separatim
969 937 991 981 a
1008 920 1136 982 utteris
1146 920 1409 999 'aggregationis

210 1025 288 1089 doru·
305 1023 427 1104 poscit,
445 1023 498 1086 ito
518 1028 643 1100 tuneo,
662 1026 703 1084 ut
722 1022 825 1084 atmul
843 1039 920 1084 oum
938 1021 1108 1100 montotto
1130 1021 1257 1082 litteris
1277 1021 1410 1082 odueuo

209 1127 348 1189 omus'uo
365 1127 644 1202 communicetur,
661 1125 749 1185 otiu
765 1124 882 1185 eodem
898 1124 1048 1202 formula
1065 1123 1330 1201 obprimatur.¹⁸²

251 1227 301 1290 13.
324 1227 487 1289 Normula
505 1227 673 1289 servanda
691 1226 729 1287 in
746 1224 1035 1289 substantialibus
1054 1225 1098 1287 ab
1116 1225 1409 1287 Archiconirater·

208 1329 380 1394 nitatibus
403 1333 439 1392 et
464 1327 794 1407 Gongrcgationibus
819 1345 883 1406 pro
908 1326 1150 1404 aggregatione
1176 1326 1408 1389 Gontraterni-

208 1436 322 1496 tatum
339 1436 374 1495 et
392 1431 713 1510 Gongregationum,
730 1431 812 1494 haec
830 1432 899 1491 est:

252 1565 418 1630 “Dilectis
445 1563 553 1626 Nobis
581 1564 619 1624 in
647 1563 786 1626 Christo
815 1562 1057 1630 Oonfratribus
1088 1561 1271 1626 Societatis
1300 1563 1342 1624 N.
1371 1563 1410 1624 in

207 1649 350 1713 ecclesia
365 1651 407 1710 N.
423 1645 642 1710 Auctoritate
656 1649 698 1709 N.
714 1647 875 1710 cononice
889 1649 1022 1709 erectae
1038 1646 1192 1709 Salutem
1208 1647 1245 1709 11
1261 1647 1409 1708 Domino
1478 1675 1479 1678 ¹

208 1733 461 1811 sempiternam.
504 1733 575 1794 Nos
596 1732 655 1810 qui
675 1732 776 1810 J‘uxta
797 1731 907 1793 Officii
929 1731 1041 1793 nostri
1063 1731 1215 1794 debitum
1237 1731 1408 1793 Fidelium

208 1815 364 1894 salutem,
389 1817 596 1895 pietatisque
621 1833 662 1878 ac
687 1815 877 1893 Religionis
902 1831 1119 1894 progressum
1146 1831 1331 1894 procurare
1356 1817 1408 1878 de·

207 1902 334 1980 bemus,
355 1902 502 1963 libenter
522 1903 661 1962 nostrae
679 1899 1052 1961 Arabiconfraternitai
1073 1900 1160 1962 alias
1180 1900 1333 1978 ejusdem
1355 1901 1409 1960 In-

207 1987 326 2050 stituti
354 1986 668 2049 Confraternitates
696 1985 917 2063 adjungimus
945 1987 981 2047 et
1008 2001 1242 2063 aggregamus,
1270 1986 1409 2064 illisque

208 2071 257 2133 sic
278 2070 473 2148 aggregatis
493 2068 743 2147 Indulgentiae,
763 2069 949 2130 facultates
969 2073 1003 2131 et
1024 2070 1167 2131 Indulta
1184 2070 1286 2147 iuxta
1303 2069 1408 2130 facul·

207 2160 314 2218 tatem
342 2155 449 2218 Nobis
476 2172 498 2216 a
527 2154 676 2217 Summis
703 2151 929 2216 Pontificibus
958 2171 1151 2216 concessam
1179 2155 1407 2233 impertimur.

210 2240 285 2313 Qua
312 2240 353 2300 de
378 2256 416 2300 re
442 2255 518 2300 cum
544 2238 585 2298 D.
614 2238 655 2298 N.
682 2237 834 2314 eiusdem
863 2237 1173 2301 Confraternitatis
1198 2238 1410 2300 Procurator

207 2324 483 2402 aggregationem
526 2323 723 2400 hujusmodi
765 2327 800 2384 et
843 2323 1143 2400 Indulgentiarum
1186 2323 1408 2385 communica·

208 2409 335 2470 tionem
357 2407 456 2470 enixe
478 2407 715 2485 postulaverit,
738 2407 820 2484 Nos,
844 2408 1034 2484 Protector,
1057 2407 1159 2468 Prior
1181 2410 1216 2469 et
1240 2407 1407 2469 Custodes

207 2492 378 2570 praedicti
402 2495 512 2554 totam
538 2491 648 2570 ipsam
673 2490 1082 2552 Archiconfraternitatis
1109 2493 1408 2569 repraesentantes

208 2576 459 2640 ConstItutioni
485 2577 702 2638 inhaerentes
727 2577 784 2638 fel.
811 2593 876 2639 rec.
905 2576 1090 2638 Clementis
1116 2577 1218 2653 VIII,
1246 2575 1407 2654 incipian.

209 2663 444 2740 Quaecumque
464 2661 533 2723 diei
553 2662 573 2722 7
594 2661 789 2723 Decembris
808 2662 891 2723 1604
911 2679 1013 2739 super
1032 2661 1229 2738 hujusmodi
1249 2679 1407 2740 aggrega·

206 2746 360 2809 tionibus
376 2750 411 2808 et
427 2746 582 2807 coelestis
599 2745 773 2808 Ecclesiae
788 2746 954 2807 Phesauri
971 2745 1277 2808 communicatione
1293 2746 1408 2808 editae

208 2846 278 2890 una
306 2846 382 2890 cum
410 2829 661 2891 variationibus
688 2828 889 2907 adprobatis
916 2847 939 2891 a
966 2829 1081 2890 SSmo.
1110 2831 1152 2891 D.
1180 2830 1220 2892 N.
1249 2830 1315 2891 PP.
1344 2829 1408 2892 Pio

208 2915 261 2984 IX
291 2931 351 2992 per
380 2914 563 2975 Decretum
594 2913 628 2975 S.
659 2913 942 2992 Congregationis
973 2914 1272 2991 Indulgentiarum
1303 2912 1358 2975 die
1386 2915 1407 2976 8

208 2999 231 3059 J
233 2997 371 3059 anuarii
391 2997 482 3074 1861,
502 2997 556 3058 his
575 2997 713 3059 Nostris
732 2997 876 3059 Litteris
895 2999 967 3059 solo
987 2998 1056 3059 Dei.
1071 3015 1186 3060 amore
1205 3015 1244 3060 ac
1264 2997 1407 3076 pietatis

128 3080 130 3086 ’
207 3080 462 3159 Religionisque
491 3080 708 3143 Christianae
736 3082 911 3159 augendae
939 3082 1010 3144 uelo
1039 3081 1145 3158 ducti,
1175 3082 1406 3144 confraterni-

206 3168 314 3227 tatem
334 3164 545 3242 praedictam
565 3164 726 3226 canonice
744 3169 783 3226 ut
803 3166 960 3242 superius
979 3169 1126 3228 erectam
1145 3165 1291 3228 attentis
1310 3166 1406 3244 Epis·

207 3248 284 3326 copi
308 3265 368 3310 seu
391 3248 569 3310 ordinarii
592 3248 659 3309 loci
683 3265 849 3310 consensu
873 3267 913 3311 ac
937 3249 1081 3310 Litteris
1105 3250 1407 3313 {testimonialibus

206 3332 330 3411 quibus
345 3331 420 3409 ejus
435 3333 647 3409 institutum,
664 3334 776 3412 pietas
792 3351 831 3395 ac
847 3334 968 3412 religio
984 3336 1251 3411 commendatur,
1267 3338 1407 3399 nostrae

207 3415 597 3480 Archiconfraternitati
627 3418 824 3493 (dummodo
847 3435 907 3496 per
930 3419 1001 3480 Nos
1024 3419 1148 3480 similis
1171 3420 1285 3497 gratia
1307 3419 1405 3498 prius

208 3501 312 3562 alteri
329 3501 366 3560 in
385 3500 478 3562 dicto
497 3501 572 3562 loco
592 3501 632 3562 N.
653 3518 811 3562 concessa
833 3506 868 3564 et
888 3505 1040 3578 tempore
1061 3502 1258 3580 hujusmodi
1278 3519 1408 3565 conces·

207 3585 315 3646 sionis
334 3585 436 3647 alteri
456 3585 844 3647 ArchIconfraternitati
863 3583 1050 3664 aggrbgata
1069 3604 1137 3661 non
1156 3587 1280 3664 fuerit)
1305 3587 1404 3665 juxta

207 3669 409 3730 facultatem
429 3669 652 3747 apostolicam
672 3668 770 3730 nobis
789 3687 982 3732 concessam
1002 3670 1222 3748 adiungimus
1240 3675 1275 3733 et
1293 3688 1405 3749 aggre

207 3769 337 3830 gamus,
353 3755 457 3831 atque
471 3752 525 3813 illi
541 3753 682 3831 eiusque
698 3754 931 3816 confratribus
950 3755 1199 3832 Indulgentiae,
1217 3759 1251 3817 et
1268 3755 1407 3833 spiritu·

207 3835 280 3897 ales
304 3837 437 3913 grottas
460 3836 608 3898 Nostrae
631 3837 1023 3900 Archicoufraternitati
1046 3839 1190 3900 Litteris
1213 3838 1407 3901 Pontificiis

208 3919 421 3997 nominatim,
446 3937 603 3998 expresse
627 3925 662 3983 et
688 3921 840 3999 praecise
866 3939 1043 3984 concessas
1068 3923 1237 4000 largimur
1262 3926 1296 3985 et
1322 3939 1406 3984 com·

207 4003 421 4082 municamus
441 4004 541 4082 juxta
561 4009 713 4067 tenorem
734 4005 975 4084 descriptionis
997 4010 1177 4068 contentae
1198 4007 1235 4067 in
1256 4007 1406 4069 Elencho

207 4104 305 4164 quem
321 4088 388 4149 rite
404 4088 616 4165 recognitum
632 4097 694 4167 per
708 4089 931 4152 Ordinarium
947 4089 1014 4152 loci
1029 4108 1099 4152 una
1115 4109 1191 4168 cum
1208 4091 1262 4153 bis
1277 4090 1406 4153 litteris

207 4157 396 4249 separatim
413 4172 593 4235 tradimus.

250 4255 402 4328 “Quibus
424 4257 580 4319 omnibus
603 4256 834 4335 Indulgentiis
854 4261 889 4319 et
910 4257 1034 4336 gratiis
1056 4259 1297 4336 spiritualibus
1319 4257 1404 4321 inibi

242 4437 269 4464 ¹⁸¹
280 4436 438 4487 Decretum
457 4433 671 4493 authenticum,
690 4434 726 4486 N.
745 4434 805 4485 117.
