3336 5166
799 403 915 452 riwin

302 520 483 601 Desumpti
508 537 551 584 ex
576 519 734 601 Quinque
758 520 872 585 Libris
898 519 977 584 novi
1004 517 1139 586 (iudicis
1166 520 1265 584 duris
1293 518 1458 584 canonici

259 625 363 702 atque
378 639 420 685 ex
436 622 690 686 Dissertatione
705 639 780 687 mee
796 639 859 704 pro
876 623 1077 686 Doctoratu.

504 742 551 788 nx
570 741 668 788 maro
687 741 796 788 emmo
822 725 985 802 (Normue
1005 724 1203 800 demorer)

280 829 309 889 1.
332 827 383 892 De
404 826 609 891 necessitate
627 827 706 890 novi
725 826 861 890 Codicis
879 826 979 890 duris
999 825 1175 891 Canonici.

279 931 310 992 2.
332 929 383 994 De
405 930 538 993 ambitu
553 930 632 992 novi
649 929 794 992 Codicis.

280 1031 310 1094 3.
334 1032 384 1095 De
402 1032 570 1095 divisione
587 1032 666 1094 novi
683 1031 820 1094 Codicis
835 1035 873 1094 et
889 1049 956 1110 quo
975 1032 1074 1093 modo
1092 1030 1129 1091 in
1147 1030 1272 1092 scholis
1291 1028 1459 1109 explicari

394 1133 524 1197 debeat.

281 1237 310 1297 4.
334 1236 385 1298 De
406 1237 583 1299 Potestate
604 1236 761 1313 Legifera
782 1235 956 1300 Ecclesiae
978 1235 1185 1298 Catholicae.

279 1337 309 1400 5.
331 1337 383 1400 De
406 1336 697 1418 Interpretatione
713 1337 799 1417 legis
816 1337 1077 1400 ecclesiasticae.

279 1441 309 1502 6.
332 1441 397 1518 An,
411 1441 548 1520 quando
562 1445 598 1503 et
611 1440 735 1520 quibus
748 1439 881 1519 legibue
896 1440 1106 1502 consuetudo
1121 1439 1279 1518 derogari
1295 1439 1414 1518 possit.

278 1543 309 1605 7.
331 1543 383 1605 De
404 1541 568 1622 temporis
589 1541 845 1622 supputatione.

278 1644 309 1708 8.
331 1645 383 1708 De
403 1644 604 1724 Resfflptis.

279 1748 309 1810 9.
331 1747 383 1810 De
403 1745 609 1826 Privilegiis.

258 1849 308 1911 10.
331 1850 383 1913 Da
403 1847 678 1929 Dispensatione.

544 2003 590 2046 nx
609 2001 707 2047 urano
724 1999 877 2047 ancuuno
900 1984 968 2061 (De
985 1983 1162 2061 Perennis)

612 2121 702 2182 Pure
722 2119 935 2181 Primo—De
958 2118 1101 2181 Olericia

258 2237 308 2299 11.
330 2235 478 2311 Quinam
494 2237 558 2300 sub
573 2236 710 2301 nomine
726 2236 851 2300 Clerici
866 2236 1016 2300 veniant.

261 2338 309 2401 12.
332 2339 384 2401 De
401 2339 553 2402 Romano
571 2339 747 2402 Pontifice.

258 2440 308 2502 13.
331 2441 382 2503 De
397 2439 545 2504 Sanctae
558 2440 732 2504 Ecclesiae
743 2442 917 2504 Romanae
931 2440 1184 2503 Gardinalibus.

258 2544 308 2605 14.
331 2544 383 2606 De
403 2543 542 2622 Legatis
562 2543 708 2622 Romani
728 2542 917 2606 Pontificis.

258 2645 308 2708 15.
331 2645 382 2708 De
404 2645 557 2708 Concilio
580 2645 811 2708 Oecumenico.

571 2781 660 2844 Pura
682 2781 934 2843 Secunda-Da
955 2780 1138 2858 Religionis

259 2897 308 2960 16.
331 2897 382 2960 De
394 2897 609 2976 Religionum
631 2896 804 2977 regimine.

258 3000 309 3062 l'l.
332 2999 383 3061 De
404 3000 611 3062 admissione
631 3001 669 3062 in
690 3000 899 3078 Religionem
920 3004 955 3063 et
976 3001 1017 3068 de
1037 2999 1228 3062 Novitiatu.

258 3101 308 3164 18.
331 3101 382 3164 De
403 3102 621 3164 Professione
642 3102 812 3180 religiosa.

259 3203 308 3266 19.
331 3204 382 3266 De
404 3203 600 3284 Pririlegiis
623 3203 855 3282 Regularium.

258 3305 308 3368 29.
331 3306 382 3368 De
403 3305 557 3368 transitu
577 3307 622 3368 ad
641 3305 746 3369 aliam
764 3304 985 3384 Religionem.

591 3456 637 3502 nx
651 3455 750 3502 urano
763 3455 882 3502 ruarro
903 3440 970 3516 (De
984 3439 1114 3516 Rebas)

257 3556 308 3618 21.
331 3557 382 3619 De
403 3556 582 3636 Baptismo
601 3558 707 3636 deque
725 3556 800 3634 ejus
818 3557 983 3619 Ministro
999 3574 1039 3619 ac
1060 3554 1230 3635 Subiecta.

257 3658 308 3722 22.
331 3659 383 3722 De
405 3658 952 3738 Indulgentiarum·concessione.
1002 3729 1005 3736 ,

257 3761 308 3823 23.
331 3760 382 3824 De
405 3760 703 3839 indulgentiarum
725 3759 961 3839 acquisitione.

257 3863 308 3926 24.
331 3863 382 3926 De
404 3862 647 3927 communione
667 3862 842 3940 Pasqueli.
907 3885 908 3888 ¹
975 3883 977 3888 ’

256 3965 308 4028 26.
327 3957 382 4028 'De
405 3963 639 4044 Sponsalibus.

256 4067 308 4130 26.
331 4068 382 4130 De
404 4067 529 4130 Rorma
551 4065 790 4130 celebrationis
812 4065 1034 4129 matrimonii.

256 4170 309 4232 27.
332 4169 382 4232 De
404 4168 646 4248 impedimento
668 4167 814 4231 Aetatis.

208 4253 217 4266 '
257 4271 308 4335 28.
331 4272 382 4334 De
403 4271 645 4350 impedimento
668 4269 906 4349 impotentiae.

257 4374 308 4437 29.
331 4374 382 4436 De
404 4372 646 4452 impedimento
662 4372 793 4435 Mixtae
808 4369 997 4450 Religionis
1014 4374 1049 4434 et
1064 4369 1295 4450 Disperitatis
1311 4368 1445 4431 Cultus.

257 4477 308 4540 96.
330 4477 382 4539 De
403 4475 645 4556 impedimento
664 4473 864 4538 affinitatis.
