3336 5166
467 429 517 489 De
536 429 876 503 consrotmitattbnr
891 429 1134 488 Ecclesiastico}
1374 427 1411 487 73

252 626 374 700 Quoad
393 625 607 706 ordinarios,
626 627 705 707 ipsi,
726 628 915 708 generatim
933 628 1113 708 loquendo,
1132 629 1265 692 nullam
1285 628 1412 692 habent
1446 605 1449 620 ¹

210 728 413 822 facultatem
428 728 620 808 expellendi
636 729 784 808 aliquem
800 748 820 793 e
836 729 1032 794 sodalitate.
1071 731 1305 794 Assertionem
1322 731 1411 794 hano

210 846 353 909 sequena
390 831 590 910 comprobat
624 831 774 894 factum:
831 831 1035 895 Habebatur
1071 831 1109 894 in
1146 831 1336 910 Bagnorea‚
1372 832 1411 894 in

212 931 370 995 Statibus
389 932 564 1011 Romania,
584 931 702 1012 aliqua
723 933 1011 1012 confraternitas,
1032 933 1170 1013 eonius
1191 949 1294 996 coeno
1314 933 1411 995 crdi·
1531 996 1533 999 ,

211 1033 330 1096 narius
352 1034 537 1099 nonnullos
559 1034 662 1113 ejecit
683 1033 828 1114 sodales,
851 1051 1034 1114 eorumque
1056 1035 1228 1097 inlocum
1252 1034 1340 1098 alios
1363 1050 1411 1097 re

212 1135 310 1215 cepit.
363 1134 642 1199 Confraternitas
671 1135 792 1199 statim
821 1151 997 1198 recursum
1025 1135 1110 1200 fecit
1140 1135 1288 1199 Sanctae
1319 1136 1410 1215 Sodi,

211 1237 373 1316 allegans,
390 1239 566 1316 tamquam
582 1236 751 1300 rationem
767 1254 937 1317 recursus,
954 1237 1151 1300 nullitatem
1169 1237 1297 1300 decreti
1313 1237 1410 1317 Epis·

211 1339 340 1418 copulis
367 1356 409 1401 ex
436 1339 573 1401 defectu
600 1338 782 1402 facultatis
809 1340 855 1401 ad
882 1338 945 1401 hoc
970 1338 1175 1419 requisitae:
1205 1340 1286 1418 qnia
1312 1341 1411 1401 nelle

212 1442 318 1503 eidem
345 1444 501 1520 potesta-r
529 1441 576 1502 sit
604 1440 764 1518 ejiciendi
791 1441 925 1502 sodales
951 1441 991 1502 in
1018 1440 1172 1520 lepltima
1197 1443 1410 1520 porrectione

211 1543 407 1621 coicientes,
448 1558 617 1622 nooorqne
659 1543 856 1621 subrepere,
900 1543 990 1620 qnod
1032 1542 1132 1605 nanee
1176 1542 1410 1622 confratribus

212 1644 382 1723 competit.

250 1747 437 1825 Postquam
455 1744 624 1825 quaesitio
642 1749 715 1808 tam
733 1743 838 1808 claris
855 1745 967 1808 verbis
987 1743 1021 1807 S.
1042 1744 1308 1824 congregationi
1327 1744 1410 1806 con·

210 1847 283 1910 ciiii
313 1850 536 1926 praesentata
565 1847 683 1925 fuerit,
713 1847 831 1910 eadem
864 1846 971 1910 Sacra
1002 1846 1232 1927 congregatio
1255 1861 1406 1927 ‘sequens

210 1948 306 2012 dedit
325 1965 561 2026 responssum:
593 1948 794 2012 confratres
814 1949 938 2011 ultimo
957 1949 1031 2010 loco
1050 1948 1155 2012 deleti
1175 1950 1218 2013 ab
1238 1949 1410 2029 Episcopo

210 2050 468 2130 redintegrandi
497 2050 569 2114 sint
595 2053 632 2112 et
658 2049 846 2130 respective
873 2051 1008 2113 delendi
1036 2050 1117 2113 novi
1144 2051 1338 2114 confratres
1366 2051 1410 2114 ab

209 2152 379 2232 Episcopo
400 2151 510 2215 electi.
941 2145 943 2148 ’
1365 2205 1366 2210 ,

250 2253 400 2316 Videtur
419 2257 536 2316 tamen
557 2253 648 2331 quod
669 2253 828 2316 doctrina
848 2253 931 2314 haec
952 2270 1021 2315 non
1042 2269 1174 2332 semper
1195 2258 1410 2317 constantem

209 2356 334 2420 habeat
351 2355 496 2435 praxim.
535 2355 678 2434 Legitur
695 2355 786 2416 enim
805 2353 843 2415 in
862 2353 1043 2428 Zamboni:
1084 2353 1289 2418 “Societatis
1310 2354 1410 2418 sami

211 2456 425 2521 sacramenti
451 2457 577 2518 Terrae
601 2455 758 2518 Bondeni
783 2455 952 2518 sodalium
977 2454 1197 2535 expusionem
1223 2456 1266 2520 ab
1292 2457 1410 2520 Archi-

209 2559 368 2639 episcopo
393 2561 580 2637 patratam,
608 2556 642 2619 S.·
670 2557 706 2619 c.
734 2557 948 2635 approbavit,
974 2561 1011 2620 et
1036 2557 1175 2619 illorum
1202 2557 1430 2637 redintegra-'

101 2662 106 2665 ’
209 2661 337 2726 tionem
360 2660 399 2721 in
422 2659 610 2738 pristinum
633 2661 763 2721 statum
787 2657 921 2720 remisit
944 2657 1091 2720 arbitrio
1115 2657 1267 2737 eiusdem
1292 2659 1410 2721 Archi·

207 2762 412 2843 episcopi.²⁰⁴
451 2763 571 2824 ¹Novus
592 2760 705 2823 codex
728 2760 810 2822 can.
833 2759 904 2837 696,
928 2755 941 2815 ¹
964 2760 985 2822 3
1006 2762 1068 2823 dat
1088 2761 1285 2824 Ordinariis
1304 2762 1410 2825 farul-

209 2867 316 2928 tatem
335 2862 534 2926 dimittendi
552 2862 661 2924 socios
679 2880 698 2925 e
716 2861 1022 2926 confraternitate.

251 2965 565 3029 confraternitates
590 2964 686 3043 iprae
710 2964 856 3044 denique
879 2964 1006 3027 habent
1030 2966 1252 3045 praecipuum
1276 2968 1333 3047 jus
1357 2985 1410 3032 ex·

209 3066 359 3147 pellendi
388 3067 523 3129 sodales
552 3065 723 3145 indignos,
753 3082 795 3128 ne
822 3065 970 3128 istorum
1000 3067 1091 3130 malo
1120 3067 1274 3148 exemplo
1304 3070 1410 3132 ceteri

210 3172 485 3248 corrumpantur.
521 3168 619 3242 Quod
645 3167 702 3246 J'us
727 3167 876 3230 exerceri
902 3171 1016 3246 potest
1041 3168 1095 3232 vel
1118 3185 1142 3230 a
1164 3171 1244 3254 ¹tota
1271 3169 1411 3233 confra-
1471 3156 1473 3162 ’

209 3270 376 3334 ternitate
401 3270 440 3332 in
466 3268 615 3332 comitiis
641 3269 845 3348 coadunata,
873 3269 926 3332 vel
952 3287 974 3332 a
999 3271 1073 3332 solo
1100 3269 1410 3337 confraternitatis

210 3371 398 3449 Directore,
414 3373 519 3450 prout
535 3370 573 3432 in
589 3370 676 3449 ipsis
692 3370 838 3432 statutis
855 3373 995 3433 cautum
1012 3371 1069 3434 sit

251 3473 295 3535 In
322 3472 522 3551 expulsione
550 3470 720 3534 sodalium
749 3470 956 3551 perficienda
984 3473 1194 3537 attendenda
1224 3479 1307 3538 sunt
1335 3475 1411 3538 dili·

210 3577 329 3655 genter
348 3577 494 3638 statuta.
536 3574 620 3652 Ipsa
639 3573 868 3652 congregatio
887 3574 950 3634 hoc
971 3573 1177 3637 declaravit:
1219 3577 1317 3638 “Non
1337 3594 1409 3654 pos-

210 3680 293 3740 sunt
322 3676 382 3756 pia
411 3675 583 3738 Sodalitia
613 3674 725 3737 delere
754 3676 947 3737 confratres
975 3691 1017 3737 ex
1045 3675 1133 3754 albo,
1164 3676 1233 3740 nisi
1264 3679 1409 3742 servatis

210 3777 354 3842 statutis
371 3776 745 3840 confraternitatis.”¹⁰⁸

251 3880 432 3943 Rationem
454 3879 579 3942 dehoc
599 3877 784 3958 iuridiram
804 3878 891 3939 dant
910 3877 1009 3939 nobis
1030 3879 1120 3941 Acta
1142 3877 1289 3943 Sanctae
1311 3879 1410 3944 Sedis

210 3981 301 4042 hisce
322 3981 452 4047 verbis:
497 3979 684 4076 “Omnibus
705 3980 744 4040 in
764 3978 1023 4057 quaestionibus
1045 3996 1133 4057 quae
1154 3979 1328 4042 internum
1350 3981 1410 4044 ali·
1487 4041 1492 4050 ,

211 4137 363 4187 perpensa,
382 4125 500 4176 censuit
519 4125 750 4184 rescribendum,
769 4127 859 4185 prout
876 4127 1032 4186 rescripsit
1049 4139 1085 4178 ac
1105 4126 1410 4182 decrevit-Deleant»

211 4197 261 4244 ter
298 4206 314 4244 e
353 4206 478 4245 numero
517 4195 703 4252 contratrum
741 4194 849 4244 Petras
888 4194 1032 4254 cintello,
1072 4197 1102 4244 et
1140 4197 1278 4248 amatos
1317 4197 1411 4248 inito·

210 4265 346 4324 anaante
360 4263 460 4324 plina·
474 4263 551 4324 quod
565 4275 636 4315 vero
651 4263 689 4314 ad
705 4263 781 4315 alios
795 4263 847 4324 qui
862 4276 895 4315 se
910 4264 987 4315 mele
1002 4267 1167 4324 gesserunt,
1182 4277 1284 4318 corum
1300 4267 1410 4319 deletio

211 4335 383 4385 remittatur
398 4333 558 4385 ordinario
573 4335 661 4392 prout
676 4333 741 4392 ipse
757 4332 937 4394 indicaverit
952 4334 1117 4393 expedire.”

245 4401 432 4459 *zambont
453 4401 595 4453 collectio
616 4402 725 4453 declar.
745 4401 801 4454 sub
821 4403 854 4454 V.
877 4402 1065 4462 sodalitium,
1086 4407 1143 4456 ert.
1166 4405 1209 4456 IX
1229 4418 1257 4457 n.
1279 4407 1304 4458 9,
1342 4408 1410 4459 Irar-

211 4470 319 4521 rurien.
337 4470 371 4522 14
389 4469 468 4529 Sept.
486 4469 563 4528 1782,
581 4469 729 4522 dnb.V11.

244 4537 426 4598 “synopsis
442 4537 744 4598 canonieollturgfca
761 4537 812 4590 lib.
829 4538 868 4598 11,
885 4552 914 4591 n.
930 4540 1008 4600 1175,
1025 4541 1058 4592 in
1075 4541 1264 4603 Lanolanem
1281 4545 1318 4598 ad
1335 4546 1400 4598 VII.
