3336 5166
280 441 316 501 68
535 442 586 500 Dc
605 440 944 514 confraternitatibua
960 439 1203 498 ecciesiasticis

281 639 499 718 ciationibus,
514 658 544 701 v.
560 656 610 719 gr.
625 639 663 702 iu
677 639 722 702 iis
737 655 825 718 quae
839 657 861 702 a
874 639 993 720 Prima
1007 639 1181 702 Primaria
1197 638 1399 718 dependent,
1415 653 1481 700 usu

282 746 456 821 receptum
488 745 551 820 est,
583 745 624 804 ut
655 741 694 802 in
725 741 860 804 easdem
892 741 1033 803 admitti
1065 739 1242 820 cupientes
1274 739 1482 824 desiderium

282 863 381 907 suum
401 843 506 926 prius
519 843 725 922 adaperient
746 841 889 904 consilio
910 860 951 906 ac
972 842 1155 921 Directori,
1177 842 1237 926 qui
1258 841 1299 918 si,
1320 841 1482 903 delibera·

281 947 376 1010 tione
407 945 573 1024 adbibita,
605 947 763 1008 annuant
794 943 965 1024 petitioni,
997 943 1070 1006 dics
1102 943 1273 1006 statuitur
1304 959 1371 1022 quo
1402 941 1482 1003 novi

282 1047 416 1112 sodales
437 1047 580 1110 solemni
601 1047 674 1109 ritu
694 1049 730 1110 et
749 1046 863 1109 iorma
883 1045 1000 1109 debita
1020 1045 1092 1108 sint
1113 1044 1310 1123 recipiendi.
1353 1045 1405 1105 1⁴20
1426 1043 1484 1106 die

282 1165 398 1213 omncs
424 1149 631 1212 conveniunt
656 1148 695 1210 in
722 1146 928 1212 Sodalitatis
954 1146 1148 1224 ecclesiam3
1175 1145 1292 1208 concio
1318 1145 1482 1222 habetur;

259 1305 266 1318 .
282 1252 499 1332 postulantes
516 1251 610 1314 elata
628 1267 709 1312 voce
727 1248 927 1330 petitionem
945 1265 1009 1328 pro
1027 1247 1235 1310 admissione
1253 1246 1428 1324 emittunt,
1448 1250 1484 1310 et

281 1354 405 1417 deinde
425 1354 560 1431 Rector,
582 1369 687 1414 manu
708 1355 860 1428 extensa,
883 1351 965 1412 haec
987 1350 1041 1412 vel
1062 1349 1191 1436 similia
1213 1348 1364 1428 profert:
1391 1349 1482 1432 ‘ligo

284 1456 494 1518 auctoritate
513 1456 598 1516 mibi
618 1471 788 1530 concesso,
807 1453 935 1531 recipio
955 1469 1014 1515 eos
1034 1453 1073 1512 io
1093 1452 1389 1529 concrepationem
1408 1467 1483 1532 pcr-

285 1559 469 1636 ttoipcsquc
481 1557 572 1637 jacio
587 1556 880 1634 indulgentiarum
892 1562 926 1617 et
939 1553 1205 1634 privilegiorum.

621 1735 624 1742 .
649 1692 705 1768 (d)
732 1691 921 1771 Inscriptio
942 1691 1121 1753 sodalium

327 1809 370 1870 In
401 1807 757 1870 Oonlraternitatibus
787 1807 925 1887 proprie
955 1806 1059 1869 dictis
1090 1806 1273 1884 inscriptio
1305 1805 1484 1882 sodalium

283 1910 473 1990 requiritur
492 1910 545 1972 uti
565 1909 717 1973 conditio
737 1909 812 1971 sine
832 1927 900 1988 qua
919 1925 998 1988 non,
1018 1912 1059 1970 ut
1080 1907 1222 1971 Sodales
1243 1907 1484 1986 Indulgentiae

283 2011 574 2075 Goniraternitati
599 2027 776 2073 concessas
800 2011 930 2073 lucrari
955 2010 1099 2088 possint.
1147 2011 1368 2088 Interrogata
1391 2009 1484 2071 enim

284 2114 391 2178 Sacra
413 2112 683 2192 Congregatione
704 2112 1021 2191 Indulgentiarum:
1060 2112 1208 2174 “Utrum
1228 2111 1266 2172 in
1286 2111 1331 2172 iis
1354 2110 1485 2173 Sodali·

284 2216 356 2294 tiis,
378 2231 464 2294 quae
484 2215 667 2277 solemnem
689 2213 836 2291 aliquem
858 2213 964 2302 ritum
986 2213 1191 2291 receptionis
1214 2213 1387 2290 adhibent,
1409 2229 1485 2274 con-

282 2318 411 2380 iratres
432 2317 495 2379 boc
516 2315 660 2378 solemni
681 2315 781 2376 modo
803 2333 824 2378 a
845 2314 1000 2392 legitimo
1023 2313 1228 2376 sodalitatis
1250 2314 1413 2376 Praeside
1435 2331 1484 2376 re

283 2420 384 2498 cepti,
408 2418 539 2482 lucrari
562 2421 702 2496 possent
726 2415 976 2494 indulgentias,
1001 2415 1081 2478 licet
1103 2417 1143 2477 ic
1166 2416 1253 2477 libro
1276 2415 1485 2477 sodalitatis

284 2541 353 2584 acu
373 2521 632 2584 inscribantur!
674 2518 865 2596 Respondit
887 2516 1054 2594 negative,
1077 2517 1108 2578 si
1131 2519 1257 2595 agatur
1279 2517 1321 2578 de
1344 2517 1486 2579 Confra-

284 2623 509 2686 teruitatibus
528 2620 667 2700 proprie
686 2619 828 2682 dictis.⁹⁰

325 2727 403 2789 Una
423 2727 560 2787 tantum
580 2723 664 2785 data
682 2722 754 2784 fuit
773 2740 795 2784 a
813 2721 887 2800 lege
904 2719 1143 2799 inscriptionis
1163 2719 1332 2798 generalis
1352 2719 1487 2798 dispen-

283 2829 375 2891 satio
397 2846 419 2890 a
443 2825 608 2904 Gregorio
633 2825 719 2886 XVI
744 2823 867 2885 Ordini
893 2821 1135 2899 Garmelitano,
1160 2839 1247 2902 quae
1270 2822 1487 2900 dispensatio

283 2930 431 3008 elargita
447 2928 516 2990 tuit
532 2926 674 3006 speciali
689 2927 835 2988 Decreto
851 2924 906 2987 die
921 2925 962 2986 30
978 2923 1111 3001 Aprilis
1128 2923 1249 2986 1838.⁹¹

318 3097 336 3123 ⁸·
347 3094 439 3146 Sacra
455 3092 544 3150 cong.
561 3090 626 3142 Ind.
643 3091 677 3141 16
694 3089 769 3141 Julil
786 3090 855 3141 1887
872 3089 910 3140 ad
927 3089 976 3140 IV.

317 3160 501 3220 ”Appendix
517 3160 555 3211 ad
574 3159 700 3210 Decreta
717 3159 799 3210 auth.
818 3158 896 3210 8.(1.
915 3157 1183 3216 Indulgentiarum.
1284 3185 1286 3196 ·

319 3299 354 3350 R.
374 3299 464 3349 Pater
481 3296 637 3350 Generalis
656 3295 777 3348 Ordinis
798 3226 1028 3346 caffimmm
1048 3293 1191 3354 Gregorio
1211 3295 1267 3347 PP.
1286 3292 1355 3348 XVI
1375 3296 1488 3356 suppli-

283 3367 363 3420 cavit
384 3367 440 3422 hac
462 3365 620 3425 petitione:
665 3363 779 3415 “Annis
801 3364 983 3423 praeteritis,
1006 3364 1124 3423 quando
1146 3364 1180 3416 in
1202 3363 1303 3424 regnis
1326 3365 1486 3417 catholicis

283 3434 475 3486 abundabant
496 3433 617 3486 ordinis
639 3433 735 3484 nostri
751 3432 949 3491 monasteria,
969 3433 1060 3484 iacile
1081 3429 1155 3492 etat,
1177 3432 1354 3494 ubicumque
1375 3434 1486 3485 adscri-
1563 3465 1564 3468 =

284 3505 353 3556 bere
372 3505 410 3556 ad
428 3504 592 3563 scapulare,
611 3506 664 3555 aut
682 3504 790 3555 saltem
809 3515 869 3553 non
887 3503 921 3554 in
939 3515 1048 3562 magna
1066 3503 1212 3555 distantia
1230 3503 1345 3563 erigere
1365 3505 1488 3556 contra·

284 3573 458 3626 tarditatem
475 3575 508 3624 Β.
524 3573 562 3624 Μ.
578 3572 612 3624 V.
630 3572 665 3624 de
682 3572 782 3624 Monte
799 3572 935 3623 carmelo
950 3584 1003 3623 seu
1019 3572 1098 3623 sacri
1115 3573 1281 3631 scapularis
1299 3572 1332 3623 in
1349 3575 1486 3632 regestis,

284 3643 317 3692 in
335 3642 443 3702 quibus
461 3640 639 3694 inscribitur
656 3652 764 3691 nomen
782 3640 852 3691 novi
871 3641 1041 3700 contr-atris,
1060 3644 1094 3692 ut
1112 3642 1150 3694 ad
1169 3641 1302 3694 litteram
1320 3643 1487 3696 reducere·

283 3714 343 3768 tur,
361 3710 461 3783 ipsum
479 3709 661 3768 descriptum
679 3709 712 3758 in
730 3709 1015 3761 contraiernitatem
1034 3710 1163 3769 guadere
1182 3723 1268 3769 posse
1287 3711 1486 3771 indulgentiis

285 3778 432 3830 consessis
457 3777 634 3837 praesertim
657 3790 677 3828 a
700 3779 792 3829 Paulo
817 3778 873 3828 PP.
897 3779 930 3829 V.
955 3777 1092 3830 fidelibus
1117 3779 1276 3839 descriptis
1300 3783 1353 3831 aut
1378 3781 1486 3832 descri-

285 3847 390 3902 bendis
409 3847 443 3898 in
460 3846 755 3900 contraiernitatem.
793 3847 850 3898 Sed
868 3846 1021 3898 hodiernis
1041 3847 1146 3900 diebus
1165 3848 1201 3899 ob
1221 3849 1420 3902 deficientiam
1440 3853 1487 3902 tot

285 3916 440 3967 domorum
460 3914 582 3967 Ordinis
602 3914 795 3973 Carmeiitlcl,
816 3917 847 3966 et
867 3915 904 3967 ob
923 3916 1094 3976 trequentes
1115 3917 1295 3969 iacultetum
1315 3918 1486 3978 petitiones,

285 3985 349 4044 ipse
369 3984 583 4043 oratorisaepe
602 3983 720 4036 difficile
739 3995 805 4035 esse
824 3983 1038 4036 animadvertit
1058 3988 1089 4037 et
1108 3985 1272 4038 identidem
1291 3987 1486 4047 impossibile,

226 4050 228 4054 ’
284 4052 345 4103 cito
367 4051 537 4109 adscribere
560 4050 683 4102 nomina
706 4055 935 4111 aggregatorum
957 4052 990 4104 in
1014 4052 1116 4114 aliqua
1138 4054 1394 4108 confraternitate
1418 4056 1487 4108 car
1510 4081 1515 4092 ·

285 4121 420 4173 melltica
443 4121 584 4173 canonice
609 4124 720 4173 erecta:
751 4122 822 4173 hinc
848 4122 996 4174 dubitatio
1021 4123 1183 4182 suboritur,
1209 4137 1248 4176 an
1273 4125 1310 4176 ob
1336 4127 1486 4178 deiectum

285 4184 377 4249 huius
401 4189 570 4248 erectionis,
595 4190 696 4242 fideles
719 4190 876 4249 priventur
899 4192 995 4244 sacris
1020 4192 1225 4252 indulgentiis,
1251 4194 1429 4253 praesertim
1455 4194 1488 4246 in

285 4259 437 4311 sententia
464 4271 575 4318 eorum,
604 4260 656 4320 qui
685 4263 789 4313 tenent
816 4264 970 4321 tamquam
996 4262 1198 4315 conditionem
1227 4265 1418 4317 essentialem
1447 4267 1486 4319 ad

285 4328 457 4382 earumdem
476 4328 733 4387 indulgentiarum
751 4330 868 4381 lucrum
885 4330 1118 4390 adscriptionem
1137 4333 1207 4384 novi
1226 4334 1339 4386 sodalis
1357 4335 1390 4386 in
1409 4335 1488 4388 libro

286 4395 416 4456 alicuius
444 4396 718 4449 confraternitatis.
764 4398 862 4458 Quare
889 4399 1076 4460 supplicatur
1104 4402 1265 4456 sanctitati
1292 4403 1425 4462 Vestrae,
1452 4407 1488 4456 ut

286 4464 445 4516 concedere
468 4465 616 4524 dignetur,
638 4465 739 4518 fideles
762 4466 940 4525 recipientes
962 4481 981 4518 a
1004 4467 1214 4528 Superioribus
1235 4470 1357 4524 ordinis
1379 4473 1487 4524 veleb

286 4532 387 4594 aliquo
413 4533 566 4586 sacerdote
594 4534 773 4590 auctoritate
800 4547 903 4588 eorum
930 4548 1049 4589 sacrum
1076 4539 1240 4599 scapulare,
1265 4552 1301 4592 eo
1327 4541 1394 4602 ipso
1419 4539 1488 4595 sine
