3340 5170
256 433 294 492 64
512 436 562 494 De
581 433 920 510 Oonsroternitotibna
935 421 1178 496 Ecclesiasticie

258 629 339 688 vata
353 629 469 688 tamen
482 626 620 688 Decreti
635 630 756 705 mente,
772 626 900 705 spirim
914 645 955 692 ac
970 627 1047 707 fine,
1061 632 1101 691 ut
1115 628 1247 690 scilicet
1262 645 1332 690 non
1346 629 1457 690 solnm

259 732 425 806 augeatur
450 745 611 792 numerus
638 730 696 792 sed
722 728 827 792 etiam
855 730 1154 796 adscribendornm
1181 730 1353 794 devotioni
1382 745 1456 792 con·

259 829 406 907 rulatnr,
427 846 497 891 non
515 833 652 908 temere,
673 831 795 893 leviter
815 849 855 894 ac
875 833 1056 895 turmatim
1077 833 1230 912 collectis
1250 833 1456 909 nominibus,

258 931 318 992 sed
332 931 488 1010 discrete,
504 949 548 994 ne
561 932 634 1010 alii,
649 936 816 1010 quantum
832 933 907 1007 fieri
922 937 1037 1011 potest
1050 933 1295 1012 inscribantur,
1312 934 1382 995 nisi
1396 934 1457 1012 qui

257 1033 415 1095 absentes
439 1032 576 1111 quidem
602 1051 752 1112 corpore,
777 1035 837 1096 sed
862 1039 1059 1114 praesentes
1084 1035 1223 1114 spiritu,
1249 1035 1395 1112 scientes
1421 1039 1457 1110 et

258 1136 409 1207 volentes
431 1135 509 1213 piae
533 1135 698 1198 Societati
719 1136 880 1214 adscribi,
903 1136 1062 1214 iniuncta
1084 1153 1188 1216 opera
1212 1136 1400 1215 adimplere
1421 1139 1458 1198 et

257 1236 491 1315 indulgentias
510 1237 641 1300 lucrari
660 1237 856 1300 intendunt.

300 1339 330 1400 5.
352 1339 460 1400 Porro
486 1339 700 1418 acceptionee
725 1340 890 1419 speciales
914 1340 968 1403 vel
992 1341 1034 1402 ob
1060 1341 1206 1419 probata
1230 1340 1457 1419 quarumdam

260 1440 492 1503 Sodalitatum
520 1443 665 1518 statuta,
692 1442 745 1502 vcl
771 1441 964 1504 absentium
991 1441 1096 1504 ctiam
1123 1441 1382 1520 inscriptionem
1409 1443 1458 1503 in-

258 1542 395 1604 cludere
419 1547 481 1604 ant
506 1553 706 1621 supponere,
733 1546 795 1609 ant
820 1541 979 1620 flagitare
1003 1542 1181 1621 videntur3
1209 1546 1263 1607 vel
1288 1544 1339 1605 ob.
1356 1542 1458 1622 privi-

257 1643 394 1722 legium,
410 1645 463 1705 vel
476 1644 519 1706 ob
535 1643 744 1721 singularem
761 1644 913 1706 fidelium
929 1644 1140 1707 devotionem
1158 1660 1222 1707 sua
1237 1644 1366 1706 directe
1382 1644 1457 1705 mit-

258 1745 355 1808 tendi
379 1745 518 1807 nomina
542 1746 587 1808 ad
610 1745 763 1823 insignia
787 1746 953 1826 quaedam
980 1746 1198 1824 Sanctnaria,
1225 1746 1458 1809 Sodalitatnm

258 1851 395 1925 centra3
419 1848 472 1909 vel
494 1847 639 1927 deniqne
661 1849 703 1910 ob
727 1848 825 1911 varie
849 1847 1091 1926 Sodalitatum,
1115 1865 1349 1928 personarum,
1372 1849 1457 1910 loco
1515 1933 1516 1936 Ἴ

257 1967 333 2011 ιιιιιι
350 1966 390 2012 ac
407 1953 598 2029 temporum
615 1949 799 2028 adjuncta;
816 1950 945 2028 partim
962 1950 1033 2030 iam
1050 1952 1103 2013 vel
1119 1951 1323 2030 declaratae,
1341 1952 1394 2013 vel
1411 1951 1457 2014 ad

258 2053 393 2131 tempus
416 2068 604 2130 concessae,
627 2052 711 2132 quin
735 2069 869 2116 neccsse
893 2053 941 2116 sit
963 2071 1022 2118 eas
1042 2053 1249 2132 singillatim
1274 2071 1458 2132 recensere,

258 2155 409 2234 peneroli
439 2156 502 2217 boc
530 2155 669 2216 Decreti
700 2157 844 2232 benigno
874 2155 1158 2234 interpretatione
1190 2161 1223 2218 et
1254 2157 1458 2235 diepositivo

258 2256 489 2318 declaratione
515 2257 619 2318 airnnl
644 2273 759 2318 ornnee
784 2259 1128 2336 comprehendantur,
1153 2263 1251 2320 rotae
1277 2261 1458 2337 habentur,

258 2358 507 2435 confirmantur
526 2362 628 2438 otqne
649 2359 871 2438 amplientur.

299 2460 400 2522 Hanc
417 2459 544 2522 Sacrae
559 2459 842 2538 Oongregationis
858 2460 1127 2524 instructionem
1139 2466 1174 2525 et
1190 2462 1457 2525 declarationem
1590 2503 1592 2510 -

259 2560 419 2624 Summus
441 2562 603 2624 Pontifex
624 2563 691 2624 Leo
713 2562 816 2640 XIII,
838 2562 894 2624 die
914 2562 956 2624 26
977 2562 1177 2625 Novembris
1200 2563 1292 2641 1880,
1314 2563 1458 2642 benigne

257 2663 472 2741 approbavit,
499 2681 540 2726 oc
566 2665 700 2725 conctis
726 2664 836 2743 princ,
862 2663 893 2724 si
919 2680 1006 2742 qnae
1032 2664 1147 2727 laetae
1174 2663 1316 2743 fuerint,
1344 2665 1458 2726 irritis

258 2765 452 2827 absentiam
474 2763 777 2843 odacriptionibnc,
799 2766 982 2828 Decretum
1004 2765 1073 2828 diei
1096 2766 1137 2827 13
1158 2765 1291 2844 Aprilis
1315 2766 1397 2828 1878
1419 2765 1456 2828 in

258 2870 432 2945 posterum
454 2866 555 2944 juxta
576 2870 789 2945 praesentem
811 2867 992 2946 benignam
1013 2866 1333 2944 interpretationem
1354 2872 1391 2931 et
1410 2867 1457 2929 di·

257 2967 458 3046 spositivam
482 2967 748 3031 declarationem
772 2968 946 3031 observari
970 2969 1183 3048 praecepit.⁷⁸
1360 2967 1362 2974 ’

258 3120 335 3180 Art.
350 3119 515 3184 Ille-De
528 3119 815 3181 Formolitotilnc
829 3121 868 3181 in
880 3121 1072 3199 receptione
1087 3121 1266 3184 Sodalinrn
1280 3123 1459 3184 envoetdie

300 3234 474 3297 Admissio
507 3235 645 3315 proprie
677 3235 771 3300 dicta
804 3237 957 3302 diversae
991 3239 1098 3318 exigit
1130 3239 1362 3312 lormalitates
1396 3257 1458 3318 pro

259 3336 460 3400 diversitate
487 3337 795 3401 Oonlratemitatis
822 3341 874 3402 vel
901 3340 1194 3418 Congregationis.
1243 3341 1459 3406 Generaliter

259 3439 423 3502 admissio
436 3443 596 3517 ¹quatuor
620 3440 772 3502 diversos
796 3441 950 3504 continet
975 3446 1084 3519 actus,
1111 3459 1247 3522 nempe:
1279 3444 1333 3520 (a)
1364 3442 1459 3506 bene

259 3541 442 3606 dictionem
470 3541 681 3619 scapularis3
716 3543 769 3619 (b)
804 3543 1056 3621 impositionem
1084 3544 1276 3623 scapularis
1312 3545 1362 3620 (et
1391 3544 1458 3606 cin·

258 3647 377 3706 cturae
403 3643 434 3705 si
462 3644 575 3719 adest)
617 3644 668 3720 (c)
696 3645 922 3722 receptionem
951 3645 1079 3728 ipsam3
1115 3647 1171 3723 (cl)
1198 3646 1458 3725 inscriptionem

260 3745 396 3808 Sodalis
422 3745 460 3806 in
487 3747 612 3808 Album
641 3743 959 3809 Contraternitatis.
1008 3749 1090 3811 Tres
1117 3749 1222 3828 primi
1248 3753 1348 3812 actus
1376 3753 1459 3812 sunt

259 3848 458 3910 essaentiale
481 3851 516 3909 et
539 3848 583 3909 ad
605 3847 831 3924 validitatem,
854 3853 999 3926 quartus
1021 3867 1100 3911 vero
1122 3867 1191 3911 non
1214 3850 1318 3914 afficit
1341 3852 1459 3914 validi-

259 3952 376 4011 tatem.
425 3951 528 4011 Patet
554 3949 617 4010 hoc
643 3966 684 4011 ex
710 3950 855 4012 Decreta
874 3950 1079 4013 authentico
1105 3969 1139 4014 ιι.
1166 3951 1229 4014 329
1255 3953 1301 4015 ad
1327 3953 1459 4016 3—nm.

260 4049 546 4128 Interrogabatnr
558 4051 678 4130 paucis
692 4050 803 4112 verbis
818 4050 925 4114 Sacra
939 4051 1166 4131 Oongregatio
1180 4071 1225 4116 an
1239 4053 1355 4117 valida
1368 4056 1460 4116 foret

260 4152 449 4231 adscriptio
466 4152 757 4214 Oonlraternitati
780 4153 835 4228 (B.
852 4155 894 4214 V.
911 4150 957 4214 M.
974 4154 1016 4216 de
1032 4151 1149 4216 Monte
1167 4152 1355 4233 Carmelo),
1372 4172 1460 4234 qnae

260 4255 300 4317 ut
321 4272 342 4317 a
362 4253 597 4317 sacerdotibus
617 4251 753 4332 quidem
774 4253 976 4316 facultatem
997 4255 1211 4334 habentibus,
1234 4273 1302 4317 non
1322 4261 1459 4320 servata

259 4359 375 4419 tamen
400 4356 512 4419 torma
537 4356 575 4416 in
600 4355 735 4418 Rituali
761 4359 796 4417 et
822 4354 1000 4417 Breviario
1027 4356 1168 4418 Ordinis
1194 4354 1461 4420 carmelitarum

293 4520 366 4572 ”ct
383 4521 541 4572 Decretum
557 4520 640 4572 anth.
656 4533 685 4572 n.
701 4519 762 4573 45³.
