3336 5166
751 559 901 624 CAPU'l'
917 561 950 623 V

441 712 484 758 uu
497 712 658 758 sranurrs
671 713 715 758 ac
729 712 884 759 commus
898 693 1255 758 conranrnsruraruu

467 831 545 893 Art.
569 830 694 893 I.-De
719 831 865 893 stutots‘o
890 830 1235 910 Oootroteruttutom.

294 963 456 1038 Quamvis
477 963 522 1026 ad
542 962 693 1042 regimen
712 967 748 1026 et
767 963 812 1027 ad
832 966 961 1027 rectam
983 964 1216 1027 sodalitatum
1235 963 1451 1027 administra-

251 1066 382 1128 tionem
403 1065 681 1130 confraternitas
702 1064 874 1144 quaelibet
894 1066 1036 1145 propria
1057 1065 1183 1128 habeat
1204 1067 1349 1144 statuta,
1371 1083 1452 1128 sem·

252 1184 378 1247 perque
396 1166 512 1230 eadem
532 1170 774 1246 supponantur
791 1166 832 1229 iu·
848 1167 1077 1230 erectionibus
1096 1172 1132 1229 et
1151 1167 1453 1247 aggregationibus

253 1268 599 1349 Oonirateruitatum,
619 1286 688 1330 uon
706 1272 790 1331 sunt
807 1274 924 1331 tamen
942 1270 1098 1331 obsolute
1116 1269 1310 1331 moessurio
1328 1284 1390 1331 nec
1407 1268 1453 1330 ad

252 1371 402 1434 validam
417 1371 602 1434 eorumden
617 1369 954 1433 confraternitatum
968 1369 1183 1449 erectionem,
1198 1387 1261 1432 nec
1276 1371 1321 1432 ad
1338 1369 1452 1432 Indul-

252 1472 446 1552 gentiarum
463 1472 675 1535 fruitionem.
714 1473 817 1534 Patet
835 1471 899 1534 hoc
914 1489 956 1534 ex
973 1471 1194 1551 responsione
1213 1471 1247 1534 S.
1266 1471 1453 1550 congrega·

251 1575 359 1636 tionis
382 1574 438 1636 die
458 1574 500 1636 25
524 1573 674 1652 Augusti
698 1573 790 1652 1842,
813 1573 852 1635 iu
875 1575 1021 1636 Decreto
1044 1571 1244 1635 authentico
1267 1590 1300 1635 n.
1323 1573 1387 1635 304
1408 1572 1453 1635 ad

252 1678 360 1739 2-um:
397 1677 617 1754 Interrogata
630 1676 722 1739 enim
738 1676 845 1740 Sacra
858 1675 941 1738 haec
957 1674 1202 1754 Oongregatio:
1239 1674 1386 1738 “Utrum
1402 1675 1454 1736 de

252 1779 365 1842 iectus
389 1783 602 1841 statutorum
626 1779 681 1840 vel
704 1777 899 1841 officialium
923 1778 962 1839 in
986 1776 1352 1854 (ioniraternitatibus,
1378 1782 1453 1840 tum

253 1881 358 1944 etiam
384 1881 414 1942 si
438 1881 573 1942 inillis
597 1895 701 1960 opera
725 1880 779 1942 vel
803 1895 887 1942 usus
911 1880 1103 1959 ssingulare
1129 1869 1359 1942 adhibeantur
1384 1896 1454 1942 nou

253 1983 443 2046 conformes
468 1981 551 2059 illis,
577 1981 728 2060 quaein
753 1981 1207 2044 Archiconiraternitatibus
1233 1981 1362 2044 Romae
1388 1998 1453 2043 ser·

253 2087 390 2163 vantur,
418 2081 545 2146 officiat
573 2100 678 2146 necne
705 2083 841 2146 validae
868 2083 1043 2161 erectioni,
1072 2083 1126 2145 vel
1154 2081 1454 2162 Indulgentiarum

178 2239 181 2248 .
252 2185 577 2249 communicationi?
613 2184 820 2263 Respondit:
858 2183 1033 2263 Negative‚
1050 2184 1232 2246 dummodo
1247 2199 1351 2263 opera
1364 2200 1454 2246 exer-

254 2291 407 2367 ceantur,
423 2288 546 2366 quibus
561 2287 714 2350 adnexae
730 2289 812 2348 suut
828 2286 1078 2364 Indulgentiae.

221 2429 222 2434 κ
296 2391 376 2452 Jam
394 2393 499 2452 autea
515 2388 633 2452 eadem
653 2389 760 2453 Sacra
778 2388 1006 2467 Oongregatio
1026 2389 1325 2468 Indulgentiarum
1345 2388 1456 2468 magis

254 2507 412 2571 exproese
433 2492 685 2554 declaraverat:
728 2491 940 2553 “Dummodo
965 2490 1175 2555 sodalitates
1198 2492 1271 2555 sint
1293 2493 1456 2556 canonice

254 2597 396 2672 erectae,
416 2595 451 2657 et
469 2592 605 2656 sodales
624 2592 837 2673 adimpleant
856 2609 960 2672 opera
978 2592 1138 2672 iniuncta
1158 2611 1180 2656 a
1201 2593 1350 2656 Summis
1369 2595 1455 2656 Pou-

253 2695 405 2758 tificibus
431 2712 495 2774 pro
518 2695 696 2757 lucrandis
721 2693 948 2773 indulgentiis
973 2711 1056 2757 suae
1080 2695 1289 2774 respectivae
1315 2695 1456 2758 Oonira·

254 2798 415 2861 ternitati
438 2797 590 2875 adnexis,
612 2796 869 2859 inobservantia
891 2794 1052 2875 partialis
1074 2814 1134 2859 seu
1157 2797 1262 2860 etiam
1285 2797 1455 2875 generalis
1568 2824 1572 2836 ·

254 2901 466 2962 statutorum
484 2915 553 2959 uon
571 2899 667 2960 obest
682 2893 904 2976 acquisitioni
923 2897 1233 2976 Indulgentiarum,
1251 2916 1292 2960 ex
1309 2897 1456 2976 eoquod

255 3004 391 3064 statuta
413 3003 496 3062 sunt
517 3000 634 3079 potius
656 3000 701 3062 ad
723 2994 873 3077 regimen
894 3004 930 3062 et
953 3000 997 3062 ad
1019 3002 1148 3063 rectam
1171 2999 1376 3064 sodalitatis
1400 3003 1456 3065 ad·

255 3085 545 3164 ministrationem
561 3102 657 3179 data,
671 3101 810 3164 minime
826 3118 905 3164 vero
922 3097 1097 3180 tamquam
1114 3102 1273 3181 iniuncta
1290 3120 1394 3182 opera
1410 3104 1456 3165 ad

244 3203 489 3282 indulgentias
507 3202 806 3282 acquirendas.''²⁰⁹

298 3307 386 3368 Item
400 3305 592 3384 quaesitum
607 3298 687 3382 sirit,
701 3322 747 3369 an
762 3321 878 3366 omnes
893 3307 928 3367 et
943 3303 1072 3382 singuli
1087 3307 1298 3366 statutorum
1315 3305 1456 3366 articuli

262 3408 457 3487 (cujusdam
473 3405 897 3482 Archiconfrateruitatis)
919 3407 1103 3468 necessarii
1120 3407 1191 3468 sint
1207 3412 1242 3470 et
1256 3407 1456 3471 essentiales

256 3510 300 3573 ad
327 3509 603 3572 constituendam
629 3509 667 3570 in
693 3525 756 3570 suo
782 3523 855 3570 esse
882 3507 1212 3572 Confraternitatem
1246 3511 1315 3587 (illi
1341 3529 1456 3590 aggre-

255 3611 419 3690 gandam)
451 3626 515 3689 pro
539 3609 757 3690 acquirendis
782 3608 1008 3688 indulgentiis
1034 3610 1142 3673 eidem
1170 3612 1362 3676 concessis?
1408 3614 1457 3676 ut

186 3773 188 3779 Α
257 3713 364 3776 Sacra
390 3711 618 3790 Oongregatio
642 3711 837 3788 respoudit:
871 3711 1046 3790 Negative,
1072 3713 1254 3775 dummodo
1281 3713 1457 3777 Sodalitas

256 3814 418 3878 canonice
447 3814 612 3894 erigatur,
644 3812 845 3891 sodalesque
874 3812 1086 3891 adimpleant
1116 3831 1220 3892 opera
1250 3832 1314 3893 pro
1344 3816 1456 3894 acqui-

256 3916 372 3979 rendis
397 3914 623 3994 indulgentiis
648 3915 691 3978 ab
716 3913 916 3993 Apostolica
943 3913 1029 3977 Sede
1053 3915 1279 3994 praescripta,
1305 3917 1457 3980 varietus

256 4017 428 4098 partialis,
448 4033 508 4079 seu
526 4017 631 4079 etiam
650 4015 819 4095 generalis
838 4011 1049 4079 statutorum
1076 4017 1179 4095 (quae
1197 4017 1240 4079 ab
1260 4018 1457 4081 ordinariis

255 4123 487 4198 respecturum
518 4118 670 4180 locorum
702 4133 765 4196 pro
797 4116 998 4179 diversitate
1028 4120 1219 4196 temporum
1250 4123 1285 4181 et
1318 4118 1457 4182 circum-

256 4221 467 4284 stantiarum
488 4223 595 4282 erunt
612 4217 869 4296 constituenda)
897 4235 966 4280 non
986 4219 1082 4281 obest
1104 4219 1325 4297 acquisitioni
1347 4221 1458 4284 indul·

257 4322 503 4403 gentiarum.²¹⁰

290 4473 443 4523 ²·Deeret.
460 4470 543 4522 auth.
560 4482 589 4521 ιι.
607 4469 658 4522 292
675 4470 713 4520 ad
730 4469 755 4521 2.

290 4541 443 4591 ¹¹·Deoret.
465 4538 585 4592 authen.
606 4550 635 4590 ιι.
657 4537 718 4590 320.

327 4647 362 4697 'it
