3336 5166
723 673 873 738 uAPUr
892 673 986 736 VIII

433 827 475 872 on
493 825 680 872 rornsrsrr
698 824 848 872 nrrscorr
866 825 907 870 nu
925 822 1265 870 mummurrsrns

291 945 451 1007 Potestas
487 942 651 1022 Episcopi
687 943 725 1005 in
762 941 1076 1005 Contraternitatas
1113 939 1296 1019 multiplex
1332 939 1452 1003 diutiu-

252 1045 381 1125 guitur.
416 1045 664 1124 Principaliter
676 1061 755 1107 vero
768 1043 901 1122 triplici
914 1061 956 1106 ex
969 1043 1084 1126 capite
1096 1041 1309 1106 considerari
1322 1043 1453 1121 potest:

252 1149 291 1210 in
314 1152 396 1211 actu
418 1147 602 1210 erectionis
626 1145 946 1224 uomraternitatis,
970 1145 1008 1208 iu
1032 1143 1336 1209 administratione
1358 1147 1394 1206 et
1416 1143 1455 1204 in

253 1250 453 1314 visitatione
468 1248 787 1326 confraternitatis;
803 1249 845 1311 de
860 1247 984 1328 quibus
999 1246 1205 1326 singillatim
1221 1245 1398 1308 disseram.

263 1383 340 1446 Art.
357 1384 482 1445 I.-De
497 1382 662 1460 Episcopi
676 1385 849 1461 potestate
865 1383 905 1443 tn
922 1381 1259 1461 confraternitatem
1276 1380 1444 1444 erectione

298 1516 354 1578 Ad
374 1515 582 1593 Episcopum
601 1517 678 1595 turo
698 1517 874 1578 ordinario
899 1515 969 1592 (uti
988 1515 1059 1594 iam
1078 1515 1163 1578 alibi
1181 1515 1297 1590 innui)
1323 1517 1458 1594 spectat

254 1617 385 1696 erigere
403 1617 441 1679 in
460 1635 524 1680 sua
542 1617 688 1680 dioecesi
708 1617 1032 1682 Contraternitatas.
1075 1618 1182 1682 Sacra
1201 1617 1293 1681 enim
1312 1617 1456 1681 Rituum

256 1719 485 1800 Oongregatlo
500 1720 563 1783 sub
579 1719 635 1783 die
648 1720 669 1782 ‘t
685 1720 844 1783 Octobris
859 1721 942 1783 1617
957 1720 1165 1784 declaravit:
1202 1720 1339 1783 Nemini
1354 1719 1458 1782 licere

255 1821 452 1884 inconsulto
470 1821 651 1901 Episcopo,
669 1822 708 1884 in
726 1840 791 1885 sua
807 1821 954 1885 dioecesi
971 1823 1102 1902 erigere
1120 1825 1157 1885 et
1174 1839 1291 1884 creare
1309 1822 1353 1884 de
1370 1837 1458 1883 novo

256 1922 580 2002 Contraternitates,
609 1927 645 1987 et
672 1941 791 1988 earum
819 1927 957 1989 statuta
985 1924 1197 2002 confirmare,
1227 1940 1314 2002 quae
1342 1923 1464 1990 omnia.

257 2025 427 2105 privative
446 2026 559 2105 quoad
580 2026 668 2090 alios
687 2026 732 2089 ad
752 2025 961 2105 Episcopum
981 2028 1120 2090 tantum
1140 2024 1316 2104 pertinent
1336 2025 1374 2087 in
1393 2042 1459 2088 sua

257 2126 455 2190 dimid„

301 2229 519 2292 solummodo
535 2229 578 2292 ab
593 2229 657 2294 bac
673 2227 836 2308 Episcopi
852 2232 1026 2310 potestate
1041 2229 1262 2309 excipiendae
1278 2233 1361 2292 sunt
1377 2229 1459 2292 illae

257 2347 450 2411 perpaucae
487 2330 811 2410 Gontraternitates‚
851 2348 996 2410 quarum
1034 2331 1161 2394 erectio
1199 2348 1242 2394 ex
1279 2329 1460 2411 privilegio

258 2433 458 2514 Apostolico
500 2436 676 2497 reservata
716 2437 770 2496 est
812 2433 982 2513 mendae
1025 2433 1230 2514 qmbusdam
1272 2434 1461 2497 Ordinibus

258 2536 485 2616 reponsum.

300 2639 348 2701 Et
369 2641 551 2717 postquam
572 2637 691 2719 aliqua
711 2637 991 2701 Goniraternitas
1012 2637 1175 2700 canonice
1194 2639 1310 2701 erecta
1330 2640 1393 2716 est,
1415 2637 1461 2702 ad

258 2741 466 2820 Episcopum
483 2739 617 2820 pariter
635 2739 824 2804 dioeceseos
842 2739 880 2814 in
897 2739 1009 2819 primo
1026 2739 1103 2802 loco
1119 2744 1155 2803 et
1172 2756 1215 2802 ex
1230 2739 1309 2820 iure
1326 2742 1462 2819 spectat

259 2845 414 2924 potestas
428 2842 467 2904 in
481 2842 623 2904 eandem
639 2839 980 2920 Goniraternitatem,
995 2843 1071 2905 tum
1086 2858 1129 2906 ex
1142 2858 1182 2905 eo
1197 2842 1289 2920 quod
1304 2843 1349 2906 ad
1364 2841 1462 2904 Ordi-

259 2944 397 3008 narium
411 2947 547 3022 spectat
557 2943 617 3024 -jus
631 2942 814 3008 erectionis
829 2943 1157 3008 confraternitatum
1172 2943 1210 3006 iu
1225 2961 1290 3007 sua
1304 2942 1461 3020 dioecesi,

187 3081 192 3096 ·
260 3049 335 3111 tum
362 3063 403 3108 ex
428 3061 468 3108 eo
494 3046 584 3124 quod
610 3046 657 3108 ad
683 3044 905 3108 ordinarium
933 3048 1069 3123 spectat
1093 3045 1132 3106 iu
1158 3062 1280 3124 genere
1305 3045 1463 3109 custodia

260 3149 376 3211 cultus
393 3146 503 3209 divini
520 3163 652 3210 necnon
669 3147 805 3226 piarum
822 3145 963 3228 operum
980 3147 1019 3209 in
1035 3147 1218 3228 ipsammet
1235 3165 1299 3210 sua
1315 3147 1462 3211 dioecesi

259 3249 492 3313 existentium.

304 3353 403 3416 Inter
432 3351 519 3432 alia„
544 3351 627 3415 baec
656 3350 840 3431 praecipue
868 3350 1014 3430 legimus
1044 3350 1083 3414 in
1113 3350 1371 3414 Constitutione
1398 3351 1462 3414 illa

262 3453 386 3517 celebri
409 3452 594 3517 Clementis
616 3453 710 3515 VIII
732 3452 1021 3532 “Quaecumque'’
1043 3453 1167 3532 quibus
1190 3455 1345 3532 potestas
1366 3453 1463 3532 Epis-

262 3554 338 3635 copi
358 3556 557 3618 declaratur
574 3554 612 3616 in
632 3557 713 3618 actu
730 3553 913 3617 erectionis
932 3554 1277 3617 confraternitatum:
1319 3555 1464 3635 Sequen-

262 3658 314 3721 tia
327 3657 367 3719 in
380 3658 443 3720 illa
458 3656 714 3721 Constitutione
728 3658 952 3718 statuuntur:

311 3759 364 3837 (a)
392 3759 490 3834 Quod
519 3757 646 3822 erectio
675 3757 984 3821 Oontraternitatis
1012 3758 1076 3820 flat
1103 3759 1145 3820 de
1173 3775 1339 3821 consensu
1367 3759 1463 3821 Ordi-

261 3861 354 3925 narii
371 3864 499 3924 etcum
516 3859 646 3924 litteris
662 3859 953 3924 testimonialibus
971 3859 1141 3938 eiusdem
1366 3942 1368 3946 .

312 3963 365 4042 (b)
393 3963 492 4038 Quod
518 3965 654 4026 statuta
682 3961 991 4027 Goniraternitatis
1018 3961 1259 4025 examinentur
1284 3965 1320 4025 et
1345 3979 1464 4041 appro

262 4065 389 4130 bentur
417 4065 460 4128 ab
488 4064 675 4128 Ordinario
702 4063 780 4142 loci,
809 4081 897 4144 quae
924 4064 967 4127 ab
995 4064 1112 4128 eodem
1140 4063 1267 4142 corrigi
1295 4067 1332 4126 et
1358 4063 1464 4126 etiam

263 4167 392 4231 mutari
413 4167 576 4247 possunt;
1323 4227 1325 4232 ,
1431 4199 1435 4208 ·

312 4269 362 4347 (o)
390 4270 489 4342 Quod
509 4267 643 4348 gratiam
661 4271 697 4331 et
716 4266 951 4346 indulgentiae
971 4266 1263 4331 Goniraternitati
1283 4267 1466 4330 communi-

264 4375 363 4438 catae
377 4371 517 4450 praevia
532 4369 727 4450 cognitione
743 4368 920 4432 ordinarii
937 4369 1120 4432 dumtaxat
1136 4368 1406 4448 promulgentur.

264 4491 459 4503 m

297 4530 509 4590 ¹⁸’tlerdelltnt
529 4528 566 4581 Ν.
586 4525 652 4586 esst
675 4525 761 4577 Decr.
779 4521 863 4576 autb
883 4521 945 4576 42⁰.

302 4642 353 4693 ros
