3340 5170
492 411 543 468 Dc
561 407 900 481 consrotmitotiooa
917 406 1160 466 ecciesiasticis
1400 403 1436 463 Β

238 605 383 670 Italicae
407 605 575 670 Oivitntcs
599 607 864 688 interquiescere
887 608 1079 688 inciperent
1103 623 1208 688 opera
1233 605 1436 688 praesertim

238 706 317 772 Ilra.
336 708 485 771 loannis
504 727 526 773 a
545 707 715 789 vicentia,
733 708 955 790 aliorumque,
975 709 1034 790 qul
1054 708 1206 789 Populos
1226 707 1343 772 Secula
1363 723 1437 772 con·
1517 721 1520 728 ’

237 811 392 874 cionibus
416 811 463 875 ad
486 827 614 892 pacem,
638 817 674 876 et
699 811 915 877 concordiam
940 811 1126 890 vocabunt3
1153 809 1233 874 hlnc
1258 811 1366 876 animi
1391 811 1437 875 ad

236 911 483 994 poenitentiam
514 913 673 976 commoti
703 913 859 994 publicas
888 913 978 990 inire
1007 913 1277 993 supplicationes
1307 912 1436 994 incepe

236 1019 329 1092 runt,
346 1031 383 1076 se
398 1013 444 1077 nd
460 1015 640 1094 sanguinis
656 1031 764 1096 usque
779 1014 977 1079 effusionem
995 1015 1183 1094 verberare,
1199 1013 1373 1077 discordes
1390 1012 1436 1077 ad

236 1115 451 1179 concordiam
468 1115 589 1194 redire,
605 1116 758 1179 usurarii
773 1117 862 1181 male
877 1115 996 1181 abiate
1011 1115 1204 1179 restituere.
1243 1115 1309 1178 Isti
1325 1113 1436 1195 poeni·

236 1217 384 1282 lentium
405 1221 522 1280 coetus
542 1235 618 1281 cum
638 1217 683 1282 ab
703 1218 831 1282 unuln
850 1218 956 1284 aliam
976 1215 1103 1282 Urbem
1123 1215 1436 1297 peregrinarentur,

237 1319 321 1382 adeo
334 1320 379 1382 ad
393 1318 641 1398 poenitentiam
655 1320 852 1382 excitarunt
868 1321 995 1400 gentes,
1010 1323 1050 1382 ut
1066 1318 1214 1382 maximo
1229 1333 1311 1398 erga
1327 1319 1436 1382 Deum

236 1437 361 1500 amore,
385 1420 601 1501 maximaque
623 1437 705 1500 erga
730 1421 922 1502 proximum
947 1420 1118 1485 charitate
1142 1421 1297 1484 succensi
1320 1434 1437 1482 omncs

237 1521 364 1586 Italiae
383 1523 484 1586 urbes
503 1522 722 1600 impleverint
740 1521 849 1585 sacris
869 1523 962 1586 hisce
981 1519 1311 1604 supplicationibus3
1331 1523 1437 1600 utque

237 1641 307 1687 une
324 1624 369 1688 ab
387 1623 458 1687 ulia
477 1623 649 1688 Sometate
667 1624 941 1704 distingueretur
957 1639 1094 1714 saccum
1112 1623 1265 1702 induere,
1284 1627 1319 1686 et
1336 1622 1437 1686 vexil-

236 1723 308 1788 lum
331 1725 461 1806 erigere
481 1730 676 1805 coeperunt,
697 1723 836 1805 illisque
857 1725 979 1806 prlmis
1002 1723 1358 1788 Oonlmternitatibus
1381 1723 1438 1787 da·

237 1830 311 1890 tum
326 1827 398 1890 luit
413 1843 535 1890 nomen
549 1824 873 1908 Pluygeilontiuml’

280 1928 418 1992 Pariter
440 1928 577 1992 saeculo
601 1919 695 1990 ΧῘΙΙ
720 1927 755 1991 Β.
779 1927 985 1991 Franciscus
1010 1927 1054 1992 ab
1078 1926 1212 1990 Aesislo
1235 1927 1438 1990 institutum

239 2027 347 2094 Tertii
372 2029 514 2093 Orciinls
537 2029 756 2110 excogitavit,
781 2029 837 2093 cui
860 2039 921 2094 scu
945 2029 1012 2097 viri
1037 2046 1097 2092 seu
1121 2029 1292 2092 foeminae
1315 2045 1439 2092 nornen

238 2132 378 2196 dabant.
430 2131 638 2195 Institutum
669 2131 732 2194 hoc
763 2131 864 2211 iuxta
894 2131 1106 2210 primitivum
1137 2147 1291 2194 normam
1321 2134 1438 2195 manet

239 2233 350 2298 adhuc
372 2233 482 2312 hodio,
504 2237 539 2296 et
560 2233 724 2298 diffusum
745 2237 800 2296 cst
822 2249 883 2313 per
904 2233 1101 2304 universum
1123 2231 1257 2311 Orbem,
1280 2231 1439 2312 pluribus

238 2335 389 2400 obtentis
409 2335 600 2415 privilegiis
621 2336 665 2399 ab
685 2335 886 2415 Apostollca
908 2333 1004 2413 Sede,
1024 2339 1060 2398 et
1082 2328 1321 2399 aLeone'PP.
1343 2332 1438 2396 XIII

238 2436 467 2516 maximopere
484 2435 766 2500 commendatum.

280 2539 407 2601 Eodem
444 2539 552 2602 temne
588 2542 740 2617 ternpore
775 2537 937 2601 excelluit
975 2537 1010 2600 S.
1048 2537 1259 2614 Dominicus,
1296 2536 1438 2600 Ordinis

239 2639 520 2725 PraedIcatorum
539 2640 716 2718 fundator,
736 2640 795 2718 qui
815 2633 983 2708 divinitus
1003 2637 1200 2727 admonitus
1220 2639 1264 2701 ed
1283 2655 1438 2719 grassu-

239 2746 307 2804 tem
322 2741 558 2819 Albigensium
573 2741 739 2805 haeresim
754 2741 1015 2820 per-vincendam
1030 2757 1071 2803 ec
1085 2739 1331 2820 debellandam,
1344 2739 1438 2820 piem

240 2844 364 2908 rosarii
381 2842 725 2920 formulaminvenit,
742 2841 970 2921 vulgavitque,
988 2859 1028 2904 cc
1045 2843 1109 2904 suh
1127 2859 1166 2904 eo
1184 2839 1320 2904 nomine
1335 2841 1438 2919 viros,

240 2962 280 3008 ac
305 2945 473 3008 loomiuas
498 2944 615 3008 eadem
642 2944 786 3022 ratione,
812 2961 881 3023 qua
904 2943 1069 3008 laudatus
1096 2943 1130 3006 S.
1158 2943 1375 3022 Franciscus,
1399 2943 1439 3006 iu

240 3047 376 3110 vinculo
393 3046 576 3110 charitatis
593 3045 783 3124 conlundi,
800 3045 860 3124 qui
877 3045 1054 3124 religionis
1071 3061 1185 3125 opera,
1202 3049 1238 3111 et
1254 3043 1438 3110 clarinus

240 3147 451 3228 christianae
464 3147 574 3211 officia
588 3151 793 3210 exercerent.

282 3249 414 3322 Quibus
445 3249 801 3312 Oonlreternitatibus
831 3247 946 3312 eodem
977 3247 1072 3312 XIII
1101 3247 1238 3311 saeculo
1268 3237 1440 3312 accessere

241 3335 339 3429 aliae,
361 3351 524 3428 equibus
547 3350 747 3415 celebriores
768 3352 851 3412 sunt
873 3349 1152 3412 GonIraternltas
1176 3349 1375 3428 Scapulanis
1397 3349 1438 3412 B.

241 3453 373 3516 Mariae
394 3451 550 3532 vrrginis
571 3453 614 3515 de
636 3452 754 3514 Monte
776 3450 942 3529 Garmelo,
967 3449 1143 3514 sodalitas
1166 3449 1439 3530 Oorrigiatorum

242 3553 276 3618 S.
292 3553 480 3632 Augustini
496 3557 599 3632 atque
615 3552 751 3632 Septem
767 3553 932 3614 Dolorum
949 3550 1105 3630 Virginis
1121 3551 1263 3634 Mariae.

282 3657 393 3718 Extra
406 3655 547 3718 dubium
561 3669 641 3732 ergo
655 3655 791 3716 videtur
803 3653 965 3732 positum,
978 3654 1114 3715 saeculo
1128 3652 1330 3732 praesertim
1345 3651 1439 3714 XIII

241 3757 490 3837 quammaxime
519 3755 628 3820 luisse
658 3759 867 3836 propagatas
899 3755 1252 3820 Goniraternitates.²⁴
1293 3756 1439 3834 Tempus

275 3908 346 3958 “De
366 3903 672 3958 confraternitatibus
691 3903 736 3954 ita
755 3901 889 3962 loquitur
907 3901 1000 3952 Eunus
1019 3900 1190 3954 cerdinslis
1209 3899 1335 3952 Carolus
1354 3901 1439 3962 Alov-

240 3974 305 4026 slus
331 3973 491 4025 Morlchini
517 3972 549 4022 ln
575 3984 662 4030 opere
686 3973 778 4032 Dcolt
796 3971 915 4021 retituet
941 3971 973 4021 dt
997 3969 1117 4030 publico
1143 3969 1238 4020 corilo
1274 4005 1282 4021 .
1319 4006 1326 4020 .
1363 4007 1371 4020 .
1406 3969 1439 4022 ln

240 4043 342 4102 Roma.
359 4042 417 4094 vol.
437 4043 462 4095 1.
479 4041 577 4101 osplte
594 4039 679 4092 XXI:

276 4113 336 4162 lira
354 4111 396 4178 gli
416 4110 530 4162 istituti
548 4108 727 4162 limoslnlerl
747 4113 876 4168 tengono
894 4107 917 4160 li
937 4108 1035 4168 primo
1053 4108 1141 4168 luogo
1160 4108 1189 4158 le
1207 4107 1438 4160 confraternlte.

240 4179 371 4232 L'unlrsl
385 4179 416 4230 di
429 4179 482 4240 plu
495 4178 608 4230 nomini
623 4177 748 4230 scoolari
762 4178 793 4229 in
807 4178 1038 4236 congregazione
1052 4189 1104 4238 per
1118 4177 1302 4228 attenderes
1316 4175 1440 4238 qualche

241 4259 332 4308 opera
354 4245 496 4306 religioso
520 4259 537 4300 o
561 4245 754 4300 caritatsvole
778 4245 897 4298 sambra
920 4245 975 4298 cho
999 4256 1102 4298 arasse
1126 4244 1375 4298 conluctamento
1397 4247 1439 4296 tin

240 4315 379 4376 ‹la’templ
401 4315 432 4367 ι11
455 4315 629 4368 costantlno
656 4315 792 4374 (Eunoni,
812 4314 932 4374 Annali,
953 4327 1032 4367 anno
1053 4313 1133 4374 336).
1173 4314 1249 4366 Pero
1271 4314 1299 4366 ie
1320 4315 1440 4367 contra·

240 4384 351 4436 terults
366 4383 473 4436 ebbero
487 4383 518 4435 ia
533 4385 631 4436 torma
646 4386 701 4436 che
717 4384 817 4436 hanno
834 4381 935 4445 oggldl
948 4383 997 4436 sul
1013 4382 1163 4443 principio
1178 4384 1226 4436 (lei
1242 4384 1339 4435 secolo
1355 4383 1439 4440 x111,

241 4464 257 4504 e
276 4453 385 4504 turono
404 4455 650 4512 contemporaneo
669 4453 730 4512 agli
750 4451 855 4504 ordint
876 4453 1020 4512 de'i'rstl;
1043 4465 1164 4504 ecome
1181 4453 1279 4512 questi
1300 4452 1327 4504 sl
1348 4453 1440 4503 riuul-

241 4533 319 4573 vauo
338 4521 370 4572 in
388 4533 570 4574 comnnanza
589 4521 731 4581 religiosa
748 4521 841 4581 legati
859 4534 914 4574 con
932 4521 1049 4574 solenni
1067 4521 1129 4574 voti
1148 4533 1201 4581 per
1219 4521 1389 4573 santificare
1407 4533 1440 4572 so
