3336 5166
238 401 275 458 70
494 403 548 465 De,
563 402 902 475 Coasroternitotibua
918 406 1161 466 Ecclesiasticie

282 594 420 658 Modum
437 615 525 675 vero,
541 616 608 676 quo
624 599 698 661 fieri
712 601 811 662 debet
828 601 910 662 haec
926 601 1116 663 materialis
1132 601 1325 680 inscriptio,
1341 603 1440 664 docet

241 716 302 761 nos
336 700 413 777 ipsa
448 699 554 781 Sacra
588 700 816 778 congregatio
851 702 1150 780 indulgentiarum
1184 704 1276 764 hisce
1310 703 1439 766 verbis:

241 800 337 882 Sciat
358 798 492 879 Rector,
514 818 599 880 opus
620 820 719 864 suum
739 820 822 880 esse,
844 808 884 865 ut
904 805 997 882 apud
1017 821 1053 865 se
1073 805 1200 865 librum
1222 798 1380 882 retineat,
1401 805 1440 865 in

238 920 304 981 quo
325 903 464 965 nomina
481 895 519 966 'et
540 904 742 981 cognomina
763 905 914 966 fidelium
936 906 981 967 ad
1002 905 1229 967 Sodalitatem
1249 906 1438 984 ingredien-

238 1006 326 1066 tium
342 1023 405 1066 sua
421 1023 526 1066 manu
541 1005 696 1083 designet
711 1023 787 1067 cum
802 1007 868 1083 die,
884 1024 997 1069 mense
1012 1011 1047 1068 et
1063 1023 1164 1068 anno.
1202 1008 1269 1080 Qui
1286 1011 1400 1069 autem
1417 1004 1439 1068 a

238 1107 381 1168 Rectore
401 1107 577 1184 delegatus
597 1107 714 1185 fuerit,
735 1108 772 1168 in
791 1109 912 1170 notula
932 1110 1094 1186 separata
1113 1125 1217 1170 novos
1239 1109 1355 1170 fideles
1375 1127 1438 1171 sua

238 1226 342 1269 manu
359 1193 525 1286 obsignet,
544 1225 684 1286 eamque
703 1209 772 1270 cito
791 1210 836 1270 ad
855 1210 1032 1271 Rectorem
1052 1209 1181 1288 mittat,
1201 1214 1241 1271 ut
1261 1227 1338 1271 cum
1357 1210 1437 1272 aliis

237 1309 431 1396 servetur.⁹⁴¹

169 1441 172 1450 =
281 1411 469 1490 Inscriptio
510 1412 736 1493 membrorum
767 1413 814 1473 ‘in
855 1412 1185 1474 confraternitatem
1227 1413 1326 1474 debet
1367 1429 1441 1475 esse

236 1514 374 1574 omnino
403 1513 559 1591 gratuita
585 1513 687 1592 juxta
714 1515 820 1591 legem
850 1531 871 1575 a
900 1513 1053 1576 concilio
1082 1515 1436 1577 Tredentino'latam.

237 1615 366 1676 Eadem
393 1615 580 1693 prohibitio
604 1615 780 1677 invenitur
804 1616 842 1675 in
868 1615 1125 1678 Constitutione
1151 1616 1250 1677 “Etsi
1276 1617 1438 1677 dominici

238 1709 371 1795 gregis’
395 1718 479 1802 data
500 1735 521 1779 a
544 1716 682 1779 Summo
705 1717 873 1779 Pontifice
894 1718 958 1778 Pio
980 1718 1048 1778 ΡΡ.
1071 1719 1112 1778 V.
1136 1717 1192 1779 die
1214 1718 1234 1778 8
1257 1717 1438 1780 Februarii

236 1819 328 1880 1567.
372 1819 599 1880 Lamentatur
621 1819 659 1879 in
681 1818 744 1880 illa
768 1817 1024 1880 Constitutione
1046 1819 1219 1896 Pontifex,
1244 1820 1334 1897 quod
1356 1819 1436 1880 reci-

237 1921 397 1999 piebatur
417 1920 562 1999 pecunia
583 1937 646 1999 pro
668 1920 875 2001 admissione
896 1920 933 1980 in
955 1920 1286 1982 confraternitatem
1308 1926 1342 1982 et
1364 1937 1438 1982 con·

237 2024 376 2084 demnat
405 2023 510 2083 talem
523 2023 526 2029 '
540 2022 662 2100 agendi
692 2022 829 2083 modum
859 2026 1034 2100 tamquam
1064 2021 1230 2084 simoniae
1258 2023 1335 2084 labe
1364 2039 1438 2084 con·

235 2124 454 2186 taminatum.
1335 2123 1338 2128 ’

277 2226 415 2287 Pariter
439 2223 546 2287 sacra
569 2224 797 2303 congregatio
821 2224 1121 2304 indulgentiarum
1145 2224 1200 2286 die
1223 2225 1264 2286 23
1289 2225 1436 2304 Septem·

236 2327 308 2389 bris
338 2309 532 2410 anni'lltd
562 2326 800 2411 condemnavit
828 2326 882 2387 uti
911 2326 1123 2388 contrarium
1153 2326 1437 2404 dispositionibus

235 2429 381 2491 Concilii
399 2429 594 2491 Tridentini
609 2432 644 2490 et
661 2432 836 2506 tamquam
852 2427 970 2489 illiciti
987 2428 1077 2489 lucri
1093 2428 1238 2506 speciem
1256 2428 1435 2489 habentem

236 2531 421 2593 articulum
460 2534 654 2620 sequentem
692 2532 903 2591 statutorum
942 2529 1091 2607 alicujus
1128 2528 1437 2590 confraternitatis

235 2633 473 2695 Cortonensis:
521 2633 588 2705 Qui
615 2637 729 2694 autem
755 2632 848 2694 tanti
872 2632 952 2692 boni
977 2632 1164 2710 participes
1190 2649 1263 2693 esse
1290 2633 1437 2693 voluerit

234 2739 269 2797 et
283 2735 433 2797 adscribi
448 2735 561 2798 dictae
576 2733 842 2813 congregationi
858 2739 987 2796 annuet
1002 2751 1065 2812 pro
1080 2734 1250 2796 solutione
1265 2735 1380 2797 tenuis
1395 2751 1435 2797 ac

236 2839 445 2915 spontaneae
463 2835 731 2922 eleemosynae.⁹‘

276 2940 326 3001 Ac
340 2940 479 3001 tandem
495 2938 660 3000 Sanctum
675 2936 839 3015 Officium,
854 2938 910 2999 die
924 2937 965 2998 25
979 2937 1066 3015 Maji
1081 2955 1172 2999 anno
1186 2937 1279 3017 1861,
1294 2940 1435 3017 loquens

236 3041 277 3103 de
291 3028 474 3118 Religio'sis
490 3027 820 3118 congregationibus
834 3039 871 3100 in
887 3039 1003 3101 Gallia
1018 3039 1110 3101 hisce
1125 3057 1224 3101 usum
1239 3044 1292 3102 est
1308 3040 1436 3102 verbis:

235 3142 432 3203 “Monachis
454 3159 585 3219 quoque
607 3139 827 3218 mandarunt,
848 3145 888 3202 ut
909 3141 997 3201 nihil
1014 3132 1194 3219 'tamquam
1214 3142 1434 3204 emolumenti

235 3245 288 3307 vel
307 3226 492 3305 oblationis
510 3260 572 3320 pro
591 3243 760 3304 sociorum
779 3242 1012 3320 adscriptione
1030 3259 1240 3321 quocumque
1259 3243 1367 3304 titulo
1383 3244 1436 3305 vel

234 3349 415 3424 praetextu
436 3343 688 3422 perciperent.⁹⁶

276 3447 556 3524 QuapropterP.
584 3446 779 3506 Theodorus
805 3463 826 3506 a
853 3445 988 3522 Spiritu
1015 3444 1142 3506 Sancto
1168 3462 1237 3507 non
1262 3445 1435 3508 dubitavit

234 3549 363 3614 dicere:
406 3548 607 3609 “statutum
637 3564 703 3625 quo
734 3546 986 3624 compelluntur
1016 3547 1132 3608 fideles
1163 3547 1208 3608 ad
1238 3548 1434 3609 solvendam

235 3655 363 3713 certam
382 3648 547 3736 pecuniae
565 3665 731 3710 summam
751 3647 788 3708 in
809 3646 1108 3709 confraternitatis
1127 3648 1294 3725 ingressu,
1316 3665 1435 3727 appro

234 3753 384 3814 bandum
413 3741 570 3812 nonest
597 3751 655 3825 (ab
684 3749 895 3827 Episcopo):
933 3752 1023 3810 esset
1051 3749 1142 3810 enim
1169 3750 1224 3810 lex
1253 3750 1294 3811 de
1323 3750 1434 3828 pretio

234 3855 394 3915 solvendo
413 3852 551 3913 omnino
570 3851 754 3913 11115115197

275 3955 425 4032 Certum,
449 3953 668 4031 prosequitur
690 3953 779 4014 idem
804 3953 842 4012 P.
867 3949 1073 4027 Theodorus,
1095 3950 1126 4012 si
1149 3954 1322 4013 statutum
1345 3952 1434 4013 illud

233 4075 302 4118 non
336 4057 382 4118 sit
416 4073 476 4134 per
510 4055 647 4115 modum
682 4053 869 4115 coactionis
903 4053 962 4113 sed
996 4055 1149 4114 tantum*
1169 4053 1433 4129 adhortationis,

232 4145 354 4236 eosque
380 4158 562 4219 dumtaxat
587 4155 746 4232 afficiens,
772 4154 830 4233 qui
857 4154 986 4215 solvere
1011 4155 1166 4231 possunt,
1193 4170 1253 4215 nec
1279 4153 1434 4232 alioquin

265 4321 483 4380 “Rescriptum
500 4320 582 4371 auth.
599 4331 665 4378 pag.
682 4319 742 4376 551,
758 4320 830 4368 nota
847 4318 872 4368 t.

264 4396 408 4444 “Deerat
427 4392 561 4444 authent.
581 4393 614 4443 23
635 4390 817 4450 Septembris
837 4390 962 4450 174511.
982 4390 1042 4441 159.

265 4466 445 4522 “Analecta
463 4465 529 4522 VII,
547 4476 612 4523 pag.
632 4463 691 4515 854.

266 4535 505 4587 “observatione
525 4548 578 4587 sur
599 4536 629 4586 la
648 4533 846 4586 constitution
866 4533 1072 4594 Quaecumque
1092 4534 1128 4585 do
1149 4534 1283 4587 clement
1303 4535 1384 4594 VIII,
1405 4546 1432 4594 p.

232 4608 270 4658 11.
290 4619 355 4666 pag.
376 4607 436 4656 131.
