3340 5170
225 446 263 502 42
481 447 532 504 De
551 446 889 519 Ooatrateraitatibas
905 445 1147 504 Ecclesiastiois

229 643 476 706 testimoniales
490 642 661 721 Episcopi,
678 647 856 720 postquam
872 643 944 722 ipse
960 642 1121 706 reviderit
1135 647 1170 706 et
1186 640 1425 720 approbaverit

228 749 372 809 statuta
432 745 610 807 Sufficiunt
647 749 762 808 tamen
796 745 974 808 Ordinarii
1010 745 1157 823 litterae,
1193 745 1316 823 quibus
1349 760 1425 807 con·

227 865 364 910 sensum
380 847 417 909 in
434 847 637 910 erectionem
654 847 707 910 vel
723 847 999 926 aggregationem
1017 847 1197 926 significet,
1214 851 1250 910 et
1267 847 1425 910 instituti

228 951 391 1028 pietatem
416 967 456 1012 ac
481 950 678 1028 religionem
703 949 930 1027 commendet;
956 967 1017 1012 nec
1042 953 1124 1011 sunt
1149 949 1333 1012 necessarii
1357 949 1426 1010 duo

229 1057 327 1115 actus
343 1052 511 1130 distincti,
527 1070 616 1115 unus
632 1070 698 1130 quo
715 1053 816 1114 detur
832 1069 1024 1129 consensus,
1041 1057 1075 1116 et
1090 1055 1269 1130 praeterea
1286 1050 1424 1114 litterae

228 1153 510 1218 testimoniales*1

268 1255 461 1318 Oonsensus
493 1260 609 1318 tamen
643 1256 709 1318 iste
740 1255 903 1335 Episcopi
935 1260 971 1318 et
1003 1256 1142 1318 litterae
1175 1256 1424 1320 testimoniales

227 1359 351 1431 debent
367 1357 445 1420 dari
462 1357 667 1441 inscriptis,
686 1373 747 1420 nec
765 1357 890 1420 sufficit
908 1357 1135 1420 auctorizatio
1154 1358 1280 1421 verba·
1302 1357 1338 1435 ,⁴¹
1356 1357 1426 1419 imo

226 1461 427 1540 praecedere
446 1460 569 1522 debent
589 1463 704 1522 actum
723 1459 905 1523 erectionis
925 1462 977 1523 vel
997 1459 1262 1538 aggregationis,
1282 1459 1425 1537 darique

226 1563 350 1625 debent
382 1562 420 1623 in
452 1562 654 1624 documento
686 1559 852 1623 distincto
883 1579 905 1624 a
937 1561 1125 1639 diplomate
1156 1561 1338 1622 erectionis
1373 1560 1425 1628 vel

226 1662 518 1743 aggregationis.⁴⁸

268 1765 426 1827 Diximus
448 1763 617 1842 superius,
639 1765 729 1843 quod
751 1764 806 1826 hic
828 1763 1007 1826 Ordinarii
1029 1781 1213 1826 consensus
1236 1763 1425 1842 requiritur

226 1869 330 1931 etiam
370 1868 406 1928 in
445 1866 614 1930 erectione
653 1866 997 1943 confraternitatum,
1036 1882 1121 1944 quas
1161 1866 1346 1942 Regulares
1387 1867 1424 1926 in

227 1969 377 2048 propriis
398 1969 470 2032 suis
488 1969 641 2032 ecclesiis
660 1969 815 2046 erigunt3
836 1970 895 2030 sed
915 1969 978 2031 hoc
999 1967 1258 2045 intelligendum
1277 1973 1331 2032 est
1352 1972 1424 2030 tan-

225 2077 299 2134 tum
318 2070 454 2150 quando
471 2070 589 2148 agitur
607 2071 649 2132 de
665 2069 1020 2134 Ooniraternitatibus
1038 2070 1176 2149 proprie
1194 2071 1298 2138 dictis
1316 2071 1353 2132 id
1371 2073 1424 2133 est

226 2174 270 2236 ad
293 2173 429 2234 modum
452 2172 605 2251 organici
628 2171 781 2250 corporis
802 2176 838 2235 et
860 2190 937 2234 eam
958 2188 1057 2234 roceo
1080 2171 1290 2234 constitutis.
1335 2173 1423 2234 Nam

225 2276 256 2336 si
273 2278 433 2353 ageretur
449 2275 491 2337 de
508 2273 862 2338 Confraternitatibns
879 2274 950 2352 late
968 2273 1128 2351 acceptis,
1146 2273 1233 2335 satis
1250 2274 1424 2352 provisum

223 2380 276 2438 est
294 2393 354 2455 per
369 2393 570 2440 consensum
587 2377 630 2438 ab
648 2375 834 2437 Ordinante
851 2375 1057 2454 praestitum
1075 2392 1137 2454 pro
1155 2375 1324 2440 erectione
1341 2375 1423 2436 Gon·

223 2483 345 2542 ventus
362 2477 503 2540 Ordinis
520 2478 556 2539 in
574 2476 767 2540 Dioecesi.⁴⁴
855 2503 857 2508 v

268 2581 523 2644 III.-Statuta
542 2580 852 2642 Oonfraternitatis
870 2579 1055 2657 approbari
1074 2579 1197 2641 debent
1217 2579 1260 2644 ab
1280 2579 1423 2641 Ordina-

225 2684 277 2745 rio
297 2683 375 2761 loci,
396 2682 455 2761 qui
475 2682 592 2744 eadem
613 2681 783 2758 corrigere
803 2684 935 2758 potcst3
957 2685 992 2743 et
1013 2681 1076 2742 hoc
1097 2680 1234 2748 etiamsi
1254 2678 1380 2742 erectio
1402 2698 1423 2742 a

224 2785 384 2850 Generali
406 2783 547 2847 Ordinis
570 2783 722 2860 religiosi
743 2783 839 2846 iacta
859 2782 978 2860 fuerit,
1000 2787 1062 2844 aut
1084 2787 1219 2845 statuta
1242 2782 1422 2844 Archicon-

223 2886 459 2950 fraternitatis
480 2887 647 2964 adoptata
665 2884 808 2962 fuerint,
829 2885 882 2947 uti
903 2888 1022 2962 postea
1042 2884 1230 2947 videbimus
1251 2885 1289 2946 in
1310 2886 1423 2963 capite

225 2991 298 3051 “De
311 2989 454 3050 statutis
469 2987 833 3051 Gonfraternitatum.”

266 3090 523 3154 IV.-Litterae
549 3089 731 3152 erectionis
758 3091 793 3151 et
820 3087 1075 3167 aggregationis
1102 3089 1213 3167 gratis
1240 3090 1354 3152 omino
1381 3106 1422 3152 ac

223 3193 319 3254 nulla
336 3208 477 3270 prorsus
493 3191 654 3266 mercede,
671 3190 775 3252 etiam
792 3209 814 3253 a
831 3195 953 3268 sponte
968 3190 1142 3267 dantibus,
1160 3192 1223 3253 sub
1240 3195 1422 3272 praetextu

222 3311 354 3372 quoque
371 3310 484 3355 merae
501 3293 732 3370 eleemosynae
749 3296 890 3370 accepta
906 3291 1059 3369 expediri
1078 3296 1113 3353 et
1132 3292 1269 3356 concedi
1287 3292 1421 3354 debent.

263 3396 401 3469 -Quae
423 3395 557 3482 quidem
580 3411 709 3471 norma,
730 3394 784 3455 uti
805 3397 924 3472 postea
947 3392 1144 3470 videbimus,
1167 3393 1421 3471 aliquantulum

222 3500 433 3572 mutataest.
545 3539 548 3546 .

264 3601 392 3662 V.-In
408 3597 629 3675 eleemosynis
646 3601 680 3658 et
697 3596 764 3675 piis
782 3595 946 3658 subsidiis
962 3595 1171 3674 excipiendis
1189 3595 1420 3660 confraterni-

221 3705 312 3765 tates
349 3705 443 3763 stare
478 3700 601 3762 debent
637 3697 799 3775 Episcopi
836 3697 1183 3775 praescriptionibus;
1221 3699 1421 3775 easdemque

221 3801 451 3880 eleemosynas
467 3802 504 3862 in
522 3800 710 3862 utilitatem
730 3799 891 3861 ecclesiae
909 3799 961 3860 vel
979 3799 1066 3860 alios
1085 3799 1160 3877 pios
1180 3815 1263 3859 usus
1281 3816 1421 3877 erogare

221 3907 345 3967 debent
361 3905 462 3982 J'uxta
479 3902 589 3980 ipsius
608 3900 1063 3986 Ordinariibeneplacitnm.

263 4006 513 4069 VIL-Rector
528 4005 599 4066 sive
613 4004 766 4080 Praeses,
781 4002 840 4080 qui
857 4003 901 4063 ad
917 4001 1246 4067 Confraternitatem
1264 4001 1331 4063 rite
1347 4019 1420 4063 con·

254 4196 272 4222 ⁴¹
284 4195 311 4244 s.
331 4192 527 4250 congregatio
546 4190 660 4247 rnourg.
679 4189 694 4239 s
714 4187 815 4238 Marta
834 4163 1006 4244 ettoniae
1026 4187 1102 4238 meo.

256 4268 274 4294 ⁴²
285 4266 313 4316 S.
331 4265 472 4322 congreg.
493 4263 608 4320 Indulg.
626 4261 674 4312 dle
693 4261 726 4312 20
744 4259 817 4317 Maii
836 4259 903 4311 1896
922 4259 959 4309 ad
979 4259 1038 4318 1v.;
1061 4260 1133 4310 Nov.
1151 4260 1248 4311 codex
1266 4259 1329 4310 Jur.
1347 4260 1418 4311 can,

221 4336 438 4464 θὸξῖἷιῖἰιὲἑο,
454 4406 511 4457 vor.
529 4404 610 4462 vm.
627 4417 654 4464 p.
672 4415 736 4464 pag.
755 4401 797 4454 aa.

256 4482 275 4506 ⁴⁴
285 4480 376 4529 Sacra
388 4477 583 4535 congregatio
597 4475 710 4534 Indulg.
723 4475 771 4526 dle
782 4474 815 4525 25
827 4475 953 4532 Augusti
966 4473 1034 4525 1897
1046 4474 1091 4524 ad.
1106 4475 1247 4533 11-um.;
1265 4474 1421 4535 Monitore,

219 4552 275 4601 vol.
292 4552 327 4609 X,
342 4564 369 4610 p.
386 4551 410 4608 1,
425 4561 490 4610 pag.
506 4548 566 4608 220,
581 4547 640 4598 221.

1652 752 1661 1062 l

1655 1285 1661 1562 f
