3340 5170
463 481 512 537 De
532 479 870 551 Confroternitotibus
887 477 1129 534 &eclesiasticis
1370 475 1406 533 lt

207 674 515 753 Archiepiscopum
532 677 762 754 Rhemensem,
785 677 844 755 qui
864 678 1021 755 capitula
1044 678 1184 756 scripsit
1206 680 1251 739 ad
1273 679 1406 756 presby·

207 781 300 840 teros
316 795 399 838 suae
413 778 586 855 dioecesis,
601 779 694 840 inter
708 796 795 856 quae
809 797 914 840 unum
932 780 1077 842 habetur
1092 797 1167 841 cum
1185 780 1307 841 titulo:
1335 781 1407 840 “De

209 879 428 957 Confratriis,
441 896 624 957 earumque
638 880 859 942 conventibus
873 882 1039 958 quomodo
1053 881 1217 942 celebrari
1230 881 1414 943 debeantll

207 982 263 1041 En
281 982 383 1043 verba
402 981 535 1059 Capitis
554 982 656 1043 XVI:

251 1084 270 1114 “
311 1123 322 1143 -.
366 1129 373 1144 .
419 1129 426 1143 .
470 1083 518 1144 Ut
540 1083 582 1144 de
605 1083 776 1160 Collectis,
797 1101 882 1161 quas
906 1083 1091 1145 Geldonias
1113 1085 1165 1146 vel
1188 1083 1406 1146 Confratrias

208 1185 309 1261 vulgo
337 1188 470 1261 vocant,
498 1184 588 1245 sicut
616 1185 686 1262 J'am
714 1185 825 1246 verbis
854 1185 1056 1262 monuimus,
1085 1189 1119 1247 et
1148 1203 1238 1246 nuuc
1266 1185 1407 1263 scriptis

208 1302 365 1363 expresse
388 1285 626 1363 praecipimus,
650 1289 787 1347 tantum
811 1286 884 1363 fiat,
906 1271 1073 1364 quantum
1097 1288 1141 1348 ad
1164 1287 1406 1372 auctoritatem

209 1391 243 1449 et
269 1388 458 1448 utilitatem
485 1391 588 1464 atque
614 1388 781 1449 rationem
808 1388 993 1466 pertinent.
1040 1388 1143 1449 Ultra
1169 1393 1283 1450 autem
1310 1405 1407 1449 nemo

208 1505 315 1566 neque
342 1488 507 1550 Sacerdos
534 1505 642 1566 neque
668 1489 798 1550 Fidelis
825 1489 1003 1566 quisquam
1031 1489 1069 1549 in
1096 1489 1261 1551 Paroecia
1288 1495 1407 1550 nostra

208 1590 367 1666 progredi
385 1590 542 1651 audeat.”

251 1691 440 1768 Religionis
478 1696 592 1752 autem
630 1708 734 1753 causa
772 1691 939 1769 ejusmodi
979 1691 1188 1755 sodalitates
1227 1693 1407 1753 Hincmari

209 1797 323 1854 aetate
346 1793 498 1868 coivisse,
523 1793 748 1855 disertissime
771 1793 949 1870 evincitur,
974 1811 1077 1871 quum
1101 1794 1175 1871 ipse
1199 1794 1407 1855 Hincmarus

210 1895 310 1956 finem
333 1912 373 1957 ac
395 1896 556 1955 moralem
579 1895 725 1956 istarum
749 1895 993 1956 Geldoniarum
1014 1899 1048 1956 et
1072 1894 1407 1956 Confraternitatum

208 1996 261 2058 ita
280 1996 468 2057 describat:

253 2099 316 2157 “In
348 2097 440 2158 omni
473 2097 633 2174 obsequio
665 2097 841 2174 religionis
875 2097 1146 2175 coniungantur:
1180 2097 1338 2160 videlicet
1370 2099 1408 2158 in

210 2199 392 2275 oblatione,
413 2199 450 2258 in
469 2198 709 2275 luminaribus,
730 2199 767 2259 in
787 2198 1019 2260 oblationibus
1040 2199 1180 2275 mutuis,
1200 2200 1236 2259 in
1257 2201 1408 2277 exequiis

210 2301 460 2377 defunctorum,
487 2300 525 2361 in
551 2300 782 2378 eleemosynis,
809 2300 847 2360 in
874 2301 996 2361 ceteris
1023 2301 1165 2378 pietatis
1193 2301 1328 2380 officiis3
1356 2302 1408 2362 ita

210 2403 299 2479 quod
316 2402 374 2479 qui
392 2402 567 2463 candelam
583 2401 704 2488 offerre
721 2402 901 2478 voluerint,
918 2402 988 2463 sive
1004 2403 1209 2480 specialiter,
1228 2403 1298 2464 sive
1317 2421 1409 2480 gene·

211 2504 341 2580 raliter,
365 2508 427 2565 aut
449 2507 530 2565 ante
551 2504 701 2580 Missam,
725 2508 786 2565 aut
807 2503 900 2565 inter
921 2505 1072 2580 Missam,
1096 2509 1278 2582 antequam
1301 2507 1420 2566 Evan-

211 2606 336 2682 gelium
355 2605 501 2682 legatur,
521 2605 565 2666 ad
585 2606 697 2679 altare
716 2606 883 2683 deferant.
924 2605 1139 2668 Oblationem
1160 2611 1284 2683 autem,
1305 2625 1408 2668 unam

210 2707 448 2768 tantummodo
467 2707 637 2784 Oblatam,
656 2711 691 2768 et
710 2706 940 2783 Offertorium‚
960 2725 1023 2786 pro
1042 2725 1078 2769 se
1096 2708 1234 2786 suisque
1252 2709 1409 2769 omnibus

212 2808 405 2886 conjunctis
433 2812 468 2870 et
495 2807 726 2869 familiaribus
755 2808 887 2870 offerat.
937 2809 1042 2870 Fiant
1071 2813 1256 2871 conventus
1285 2810 1409 2872 talium

212 2911 372 2987 fratrum,
397 2909 428 2970 si
455 2927 589 2971 necesse
614 2910 745 2984 fuerit,
759 2913 798 2970 nt
825 2910 928 2971 simul
955 2911 1168 2986 conveniant,
1196 2915 1235 2973 ut
1262 2911 1292 2972 si
1319 2912 1410 2972 forte

212 3011 337 3088 aliquis
359 3015 479 3073 contra
500 3028 616 3088 parem
638 3029 737 3072 suum
759 3011 964 3072 discordiam
987 3012 1155 3089 habuerit,
1178 3030 1275 3090 quem
1298 3029 1410 3074 recon-

212 3113 326 3174 ciliari
347 3129 482 3174 necesse
503 3113 567 3188 sit,
590 3115 625 3173 et
647 3112 720 3173 sine
742 3117 908 3174 conventu
931 3114 1142 3190 praesbyteri
1164 3119 1198 3175 et
1221 3119 1408 3176 ceterorum

211 3232 284 3276 esse
299 3231 366 3274 non
381 3214 524 3291 possint,
540 3218 618 3292 post
633 3218 773 3291 peracta
786 3214 849 3275 illa
865 3232 950 3291 qnae
965 3215 1028 3275 Dei
1044 3219 1136 3290 sunt,
1150 3219 1185 3276 et
1201 3216 1410 3277 christianae

161 3341 164 3344 ·
211 3316 382 3393 Religioni
407 3315 622 3391 conveniunt,
646 3319 680 3376 et
704 3319 781 3392 post
805 3315 938 3377 debitas
962 3315 1223 3393 admonitiones,
1247 3317 1277 3377 si
1302 3319 1409 3378 volue-

212 3418 294 3492 rint,
311 3417 464 3494 eulogias
482 3435 503 3477 a
520 3417 740 3494 praesbytero
758 3417 961 3494 accipiant.''

253 3520 338 3579 Post
365 3519 441 3596 pias
468 3518 699 3579 exortationes
728 3518 870 3580 debebat
899 3518 1063 3579 Sacerdos
1091 3521 1173 3580 dare
1200 3520 1249 3580 eis
1279 3521 1409 3598 aliquid

212 3621 313 3698 panis
342 3623 378 3680 et
407 3623 526 3695 potus3
558 3620 611 3680 uti
641 3619 754 3680 vederi
783 3619 838 3680 ias
868 3625 920 3680 est
949 3637 990 3680 ex
1020 3621 1105 3698 ipsis
1136 3621 1256 3698 verbis,
1287 3621 1410 3698 quibus
1446 3615 1448 3622 '

211 3723 391 3783 laudatum
408 3721 521 3798 Caput
537 3722 622 3782 XVI
638 3721 862 3782 terminatur:
881 3723 934 3782 “et
951 3722 1053 3782 semel
1069 3726 1167 3798 potos
1184 3722 1399 3784 dimittat.”²⁷

255 3824 377 3900 Itaque
392 3823 605 3901 propositum
620 3827 694 3884 erat
712 3821 891 3883 Sodalitiis
907 3838 1022 3883 eorum
1038 3826 1229 3900 temporum
1245 3825 1410 3900 quaedam

213 3925 360 3986 Pietatis
378 3929 413 3986 et
433 3924 624 3984 Charitatis
644 3941 747 4000 opera
765 3940 928 3990 exercerc,
947 3924 1104 3985 videlicet
1123 3923 1245 3986 offerre
1261 3925 1410 4002 Templo,

212 4025 399 4089 luminaria
420 4026 546 4087 ibidem
568 4027 670 4101 alere,
694 4043 814 4086 curare
837 4025 1000 4102 infirmos,
1025 4027 1263 4088 defunctorum
1288 4027 1411 4088 funera

213 4128 381 4203 comitari,
405 4127 626 4204 eleemosynis
648 4143 785 4204 operam
809 4128 900 4202 dare,
924 4131 958 4188 et
982 4127 1104 4189 ceteris
1127 4127 1269 4205 pietatis
1293 4129 1410 4188 officiis

214 4229 322 4291 Deum
336 4229 401 4291 sibi
415 4229 589 4291 demereri.
622 4229 668 4289 Et
682 4229 770 4306 quod
784 4229 879 4289 aliud
892 4229 976 4289 Piae
988 4228 1098 4289 nostri
1114 4228 1186 4288 aevi
1202 4227 1422 4290 [Sodalitates¹

214 4331 279 4392 sibi
301 4331 468 4407 agendum
490 4331 710 4408 proponunt?
751 4330 884 4399 Rursus
906 4329 1097 4390 audiendus
1118 4334 1171 4391 est
1193 4330 1410 4400 Hincmarus,

213 4431 272 4509 qni
292 4432 420 4493 similia
439 4449 501 4493 suo
520 4436 671 4508 tempore
691 4431 855 4492 accidisse
874 4430 1031 4506 tradidit,
1052 4433 1313 4508 nostrorumque
1333 4435 1412 4492 tem-

248 4585 265 4610 ¹'
276 4583 395 4638 Bassus,
411 4591 456 4639 οι).
472 4578 522 4629 eit.
537 4587 600 4635 cap.
615 4575 669 4626 ult,
