3340 5170
466 465 516 520 ne
536 459 875 534 Ooupratemitunbus
891 457 1135 518 accamanus
1287 429 1293 436 '
1373 452 1412 512 ιι

210 656 387 738 impedito,
407 656 497 718 uiam
517 672 581 735 pro
602 671 641 718 eo
662 655 753 720 olins
773 658 883 734 inat,
904 658 1079 734 tamquam
1098 655 1142 716 ub
1162 653 1239 733 ipso
1261 653 1410 738 tepitime

212 761 410 840 deputatus,
429 759 489 822 sed
509 775 586 822 oum
606 757 678 820 unt
696 756 815 836 potius
833 755 979 836 tonores,
999 757 1090 836 quod
1108 756 1200 820 ι’ἀιιι
1218 755 1412 834 Episcopus

213 865 255 924 ob
275 861 477 938 Apostolico
497 861 584 922 Sede
604 859 832 938 personaliter
849 860 1059 938 impetrauit,
1080 859 1159 920 bine
1179 859 1221 920 ob
1242 856 1413 936 Episcopo

213 967 351 1028 tontum
377 965 479 1028 munt
506 961 666 1040 fidelibus
694 961 762 1024 sibi
790 960 980 1027 commissis
1008 960 1249 1039 distribuendi,
1277 960 1347 1023 nisi
1375 959 1414 1023 im

212 1065 371 1144 precibus
389 1064 608 1143 Apostolicue
628 1063 710 1127 Gadi
728 1063 854 1127 delatis
874 1063 1126 1142 eapostulneset
1144 1062 1190 1124 iis
1209 1061 1333 1139 verbu,
1351 1064 1414 1124 out

213 1165 395 1244 similibus,
414 1183 533 1246 nempe
551 1181 609 1228 eos
628 1165 699 1228 siue
718 1181 780 1244 per
798 1180 846 1244 ae,
864 1165 935 1228 siue
953 1181 1015 1244 per
1034 1179 1114 1226 suos
1136 1164 1292 1228 Vioorios
1313 1163 1414 1228 Gene-

213 1272 304 1332 ruies
322 1269 607 1346 communicandi,
622 1271 686 1330 etc.
1021 1279 1024 1291 ·

259 1371 412 1448 Denique
425 1370 462 1430 in
476 1369 732 1432 Constitutione
745 1369 929 1432 Glementis
943 1369 1033 1430 VIII
1049 1367 1151 1446 inpr.
1171 1369 1417 1446 Quaecumque,

217 1477 292 1550 etc,
342 1491 418 1536 cum
468 1472 700 1550 praecipiatur,
749 1469 1027 1550 aggregationem
1076 1471 1415 1534 Gonlraternitatum

214 1574 408 1638 factendam
421 1591 495 1638 esse
506 1574 645 1654 praevio
658 1563 924 1636 Ordinarlo'loci
937 1591 1114 1652 consensu,
1127 1578 1162 1636 et
1176 1590 1252 1636 cum
1264 1573 1417 1653 ejusdem
1448 1627 1450 1630 .

215 1675 345 1738 litteris
359 1677 649 1739 testimonialibus
657 1695 666 1755 ;
680 1681 716 1740 et
728 1680 907 1756 praeterea
919 1679 1055 1739 statuta
1067 1677 1262 1739 earumdem
1277 1675 1416 1740 Gonlrs·

212 1779 417 1840 territatum
431 1796 500 1840 nou
511 1796 610 1858 posse
621 1777 726 1856 tradi,
739 1778 808 1840 nIsi
819 1796 860 1841 ea
872 1777 969 1858 prius
982 1778 1025 1841 ab
1036 1778 1207 1857 Episcopo
1219 1778 1418 1840 dioecesano

216 1880 423 1957 examinata,
444 1884 479 1942 et
501 1897 564 1959 pro
587 1880 722 1943 ratIone
742 1880 810 1942 loci
832 1880 1024 1959 approbata
1047 1879 1189 1958 luerint,
1212 1881 1250 1942 in
1273 1884 1419 1958 utroque

218 1999 300 2045 casu
334 1981 449 2044 ventre
483 1983 594 2044 solum
630 1981 837 2061 Episcopum
873 1982 1087 2044 inferebatur
1120 1986 1195 2046 tum
1231 1999 1273 2043 ex
1306 1981 1419 2044 verbis

219 2082 499 2161 Censtituimus,
521 2087 595 2146 tum
617 2101 658 2145 ex
679 2083 729 2144 rei
752 2087 896 2162 natura;
920 2084 972 2147 ita
994 2087 1034 2147 ut
1056 2083 1217 2146 vicarius
1240 2083 1419 2146 Generalis

174 2268 175 2272 Ἰ
218 2185 327 2248 adid
355 2185 496 2264 speciali
523 2185 678 2264 indigeat
706 2186 879 2248 mandato.
928 2188 996 2248 Per
1024 2187 1300 2264 aggregationem
1328 2187 1419 2249 enim

219 2286 497 2353 Goniraternitas
535 2289 684 2366 quadam
723 2305 811 2350 nova
849 2288 1019 2350 erectione
1058 2289 1246 2368 perficitur,
1285 2294 1321 2353 et
1360 2306 1422 2368 per

218 2393 431 2456 statutorum
471 2389 705 2468 traditionem,
747 2389 1004 2468 privilegiorum
1045 2407 1085 2453 ac
1125 2390 1420 2470 indulgentlarum

219 2490 482 2556 communicatio
501 2493 545 2554 ad
564 2491 787 2554 sublimiorem
803 2492 959 2555 evehitur
976 2496 1117 2554 statum.

262 2594 361 2656 Unde
378 2594 433 2655 hic
449 2593 628 2656 ordinarii
644 2593 876 2672 appellatione
893 2595 1003 2656 solum
1021 2594 1229 2674 Episcopum
1246 2595 1421 2673 designari

222 2696 331 2759 visum
343 2701 405 2774 est,
419 2697 699 2773 quemadmodum
713 2696 749 2756 in
763 2712 855 2774 casu,
868 2698 911 2760 de
923 2714 987 2772 quo
1003 2697 1038 2758 in
1053 2696 1253 2760 Tridentino
1268 2696 1422 2760 Goncilio

223 2796 312 2860 Sess.
324 2797 377 2859 «23.
394 2815 466 2876 cap.
483 2798 503 2859 8
519 2799 560 2860 de
576 2798 724 2860 Reform.
739 2798 831 2860 hisce
846 2798 975 2860 verbis:
1015 2800 1253 2879 Unusquisque
1269 2805 1385 2863 cutem
1401 2817 1423 2862 n

221 2901 362 2978 proprio
386 2901 558 2978 Episcopo
583 2900 771 2962 ordinetur.
821 2901 918 2979 Quod
943 2901 974 2970 si
999 2902 1076 2980 quie
1102 2903 1144 2964 nb
1172 2901 1242 2963 olio
1267 2903 1423 2964 ordinmi

222 3006 331 3080 petat,
347 3003 546 3080 nuliatenus
563 3001 601 3064 id
617 3003 649 3064 ei
665 3003 893 3080 permittitur,
909 3002 979 3064 nisi
995 3003 1070 3081 eius
1086 3004 1243 3081 probitas
1260 3007 1295 3066 et
1313 3021 1423 3066 mores

224 3103 401 3166 ordinarii
435 3104 490 3165 sui
524 3103 720 3165 testimonio
754 3105 1040 3166 commendentur.
1095 3105 1273 3167 Ordinarii
1308 3109 1423 3168 autem

223 3205 359 3268 nomine
374 3205 428 3267 hic
444 3205 593 3284 intelligi
607 3205 826 3284 Episcopum,
841 3223 910 3266 non
925 3223 1004 3267 vero
1019 3206 1196 3268 Vicarium
1212 3206 1424 3285 Generalem,

224 3307 293 3368 nisi
308 3311 410 3369 antea
424 3307 569 3384 speciale
583 3309 614 3370 ei
628 3309 829 3370 mandatnm
840 3310 887 3374 ,ab
902 3307 1105 3386 EpIscopom
1122 3309 1292 3371 tributum
1307 3309 1424 3386 fuerit,

224 3424 340 3472 omnes
360 3395 506 3471 tradunt
527 3411 702 3487 Doctores,
723 3410 775 3472 ita
796 3415 836 3472 ut
857 3409 1018 3472 vicarius
1039 3410 1219 3473 Generalis
1240 3413 1366 3490 absque
1386 3429 1425 3474 eo

225 3511 481 3587 dImIssoriales‚
517 3529 577 3573 seu
611 3511 860 3574 testimoniales
895 3512 1033 3573 litteras
1069 3513 1251 3575 concedere
1286 3513 1426 3575 mtnime

226 3613 345 3690 possit.
392 3613 447 3673 Nil
474 3613 597 3674 mirum
621 3613 739 3690 igitur,
763 3615 852 3691 quod
875 3612 1036 3674 Vicarius
1060 3613 1239 3676 Generalis
1263 3613 1426 3692 Episcopi

226 3715 485 3778 Aurelianensis
514 3720 663 3794 quatuor
690 3716 867 3793 sequentia
895 3716 1000 3778 dubia
1029 3715 1133 3778 Sacra
1161 3717 1426 3796 Gongregatloni

226 3818 406 3879 enodanda
426 3818 809 3896 proposuerit-nempe:

269 3921 298 3980 1.
322 3919 406 3982 Cum
428 3919 619 3997 Episcopus
642 3919 830 3981 obtinuerit
851 3919 1054 3981 facultatem
1077 3937 1097 3981 a
1120 3918 1207 3981 Sede
1227 3920 1427 3998 Apostolica

227 4020 380 4100 erigendi
395 4021 708 4084 Goniraternitates
722 4039 798 4083 cum
813 4022 1012 4100 respectivIs
1024 4022 1261 4100 indulgentiis
1275 4024 1428 4103 possltne

227 4125 388 4187 Vicarius
417 4126 596 4186 GeneraIIs
624 4125 660 4186 id
687 4128 864 4203 praestare
892 4127 1018 4206 absque
1046 4127 1186 4205 speciali
1215 4128 1429 4205 delegatione

228 4228 414 4306 Episcopi?

271 4332 301 4393 2.
324 4334 487 4394 Potestne
506 4333 668 4396 Vicarius
689 4335 867 4396 Generalis
889 4335 1082 4398 auctoriate
1101 4335 1280 4399 ordinaria
1299 4338 1429 4416 erigere

193 4495 196 4503 .
230 4436 544 4500 Confraternitates
558 4438 685 4516 absque
700 4439 912 4517 delegatione
927 4441 1100 4519 Episcopi,
1116 4441 1167 4502 ita
1183 4445 1224 4503 ut
1238 4443 1364 4504 erectio
1380 4443 1429 4504 sic

229 4543 371 4618 peracta
386 4541 549 4602 canonica
565 4541 634 4602 sit?
1362 4547 1364 4550 ’
