3336 5166
444 451 494 507 De
514 448 853 522 Consectermtotibea
869 445 1112 504 aeclesiasticis
1353 441 1390 502 67

187 646 295 709 Sacra
332 645 620 724 Oongregatione:
680 643 827 706 “Utrum
864 661 970 705 unum
1007 643 1162 721 idemque
1201 642 1390 721 Scapulore

186 748 290 810 semel
317 748 533 809 benedictum
559 746 672 808 valide
699 746 810 825 ponit
839 744 996 825 pluribus
1025 762 1086 823 per
1113 745 1219 807 vicem
1247 743 1388 822 imponi,

186 849 335 929 repetita
365 849 576 912 solummodo
606 864 710 926 super
739 847 886 924 singulis
917 845 1123 924 receptionis
1153 845 1224 907 rive
1253 844 1387 924 imposi-

187 952 294 1015 tionis
323 950 668 1013 formulam-Sacra
700 949 927 1026 congregatio
958 947 1145 1025 respondit,
1179 945 1388 1020 affirmative,

185 1056 239 1116 ita
257 1058 373 1116 tamen
392 1058 433 1115 et
450 1053 601 1131 primm
620 1053 819 1130 scapulare,
838 1052 928 1130 quod
947 1051 1105 1128 deinceps
1125 1049 1322 1132 adscriptus
1340 1050 1387 1110 11

186 1161 290 1219 cluere
304 1156 414 1232 debet,
429 1155 476 1216 sit
490 1153 742 1217 1111111111111111.εὖ

229 1257 377 1336 Pariter,
403 1257 540 1335 quando
566 1256 682 1334 plnres
707 1259 789 1317 sunt
815 1255 920 1316 simul
946 1253 1237 1317 Ooniraterniteti
1263 1252 1388 1315 adscri-

185 1359 288 1421 bendi
303 1375 373 1420 non
387 1363 441 1421 est
455 1374 591 1421 necesse
606 1358 644 1419 in
659 1356 879 1436 impositione
895 1355 1136 1434 Scapularium
1152 1372 1215 1435 pro
1231 1354 1388 1416 omnibus

186 1461 393 1538 singillatim
418 1463 571 1538 repetere
593 1459 788 1536 formulam,
813 1459 873 1520 sed
898 1461 982 1519 tunc
1006 1458 1156 1519 iormula
1181 1461 1295 1536 potest
1319 1457 1389 1518 dici

185 1579 328 1624 numero
348 1561 516 1640 plurali.⁸⁸

420 1693 472 1770 (o)
496 1693 582 1772 Ipso
600 1693 640 1755 11
660 1693 991 1771 Omfrutereitetem
1010 1693 1160 1771 receptio

230 1813 273 1874 In
295 1828 363 1891 quo
385 1811 554 1874 consistat
576 1811 654 1890 ipsa
676 1811 714 1872 in
738 1810 1068 1874 Contraternitatem
1093 1810 1243 1890 receptio
1265 1812 1388 1873 docent

184 1931 249 1976 nos
268 1915 357 1976 Acta
377 1913 411 1976 S.
431 1913 547 1976 Sedis:
1113 1919 1115 1924 '

229 2015 421 2078 “Formalis
438 2014 588 2093 receptio
605 2013 766 2078 consistit
782 2014 820 2075 in
837 2018 919 2076 actu
936 2013 1182 2077 auctoritative
1200 2014 1388 2093 recipiendi

186 2135 248 2180 seu
268 2116 486 2195 admittendi,
507 2116 578 2178 sive
598 2115 635 2177 id
657 2116 719 2178 fiat
740 2115 869 2178 verbis:
912 2117 958 2178 Te
977 2115 1115 2193 recipio,
1135 2120 1171 2177 te
1189 2115 1227 2177 in
1249 2115 1389 2178 Contra·
1428 2177 1429 2180 ,

186 2219 387 2283 tenuitatem
412 2218 568 2281 adscribo
592 2222 627 2282 et
653 2217 823 2280 similibus
847 2219 1016 2296 formulis,
1039 2219 1111 2281 sive
1134 2218 1241 2282 etiam
1265 2220 1300 2282 id
1327 2221 1390 2281 fiat

186 2339 249 2398 per
266 2325 376 2399 ectus,
394 2320 453 2399 qui
471 2320 561 2382 idem
578 2337 639 2400 per
656 2338 694 2383 se
710 2325 773 2384 eut
790 2320 989 2398 significant
1007 2325 1069 2383 aut
1088 2322 1346 2401 eupponunt.”⁸²

230 2423 273 2484 In
297 2422 653 2485 Goniratermtatibus
674 2422 813 2500 proprie
836 2422 941 2484 dictis
963 2423 1034 2485 ista
1057 2421 1215 2485 termolis
1238 2423 1388 2503 receptio

186 2525 380 2588 necessaria
396 2528 449 2586 est
466 2523 529 2587 sub
546 2540 656 2603 poena
672 2522 866 2601 nullitatis3
885 2527 920 2586 ct
937 2541 1072 2586 neccsse
1089 2528 1152 2602 est,
1168 2526 1259 2603 qnod
1277 2526 1388 2588 verbis

185 2626 403 2706 exprimatur
424 2629 459 2688 et
482 2642 552 2687 non
574 2628 713 2688 tantum
737 2625 886 2703 simplici
909 2625 1140 2688 intentione.⁸⁸
1186 2627 1387 2700 Quaesitum

183 2729 276 2790 enim
303 2727 391 2790 luit:
440 2729 496 2788 An
522 2726 672 2806 receptio
699 2727 737 2788 in
765 2726 1087 2789 confraternitatem
1113 2727 1236 2805 valeat,
1266 2727 1296 2789 ri
1325 2728 1388 2790 fiat

185 2829 337 2909 simplici
354 2829 556 2908 intentione,
576 2846 617 2893 ec
635 2829 747 2891 verbis
767 2829 873 2892 nullis
892 2829 1082 2892 adhibitis?
1121 2831 1168 2892 llt
1189 2848 1388 2909 responsum

184 2933 267 3009 fuit,
282 2932 448 3011 negative.

229 3034 412 3096 Formulae
434 3037 548 3096 autem
571 3051 658 3112 quae
680 3038 903 3113 apponuntur
924 3035 962 3096 iu
986 3035 1212 3098 ceremoniali
1235 3038 1288 3099 vel
1309 3039 1388 3100 Bre

186 3136 297 3198 viario
317 3152 386 3198 non
406 3139 488 3197 sunt
508 3135 734 3212 obligatoriae
753 3136 817 3198 sub
836 3153 946 3214 poena
966 3137 1151 3199 nullitatir.
1195 3137 1328 3201 Sufficit
1348 3144 1389 3203 ut

185 3239 224 3299 in
239 3238 388 3299 formula
402 3255 490 3315 quae
504 3237 688 3299 adhibetur
700 3237 899 3300 essentialia
914 3238 1159 3301 contineantur
1173 3241 1285 3318 verba,
1301 3257 1388 3319 quac

186 3339 386 3419 recipientis
401 3338 627 3400 intentionem
643 3338 838 3416 significent
854 3356 894 3400 ac
911 3339 1132 3402 voluntatem.

230 3442 460 3519 Unaquaeque
485 3439 763 3502 Oonlratcrnites
789 3439 989 3518 scapularis
1014 3459 1111 3503 suam
1136 3442 1239 3504 habet
1264 3443 1388 3504 lormu·

186 3545 257 3605 lem
280 3559 343 3619 pro
365 3540 567 3620 receptione.
612 3541 670 3603 Ita
690 3559 718 3603 e.
742 3558 792 3619 gr.
815 3541 1093 3604 Contraternitas
1118 3543 1178 3605 SS.
1203 3544 1387 3607 Trinitatis

186 3647 276 3711 hanc
297 3644 399 3706 babet
420 3642 622 3705 formulam:
665 3643 811 3720 “Accipe
833 3643 988 3706 habitum
1013 3643 1258 3708 Sanctissimae
1280 3647 1387 3706 111111-

186 3745 274 3809 tatis
291 3745 329 3806 in
347 3749 567 3823 augmentum
585 3744 675 3822 fidei,
693 3744 766 3822 spei
784 3747 819 3806 et
837 3744 1030 3823 charitatis,
1049 3746 1086 3807 in
1105 3747 1241 3809 nomine
1259 3749 1387 3824 Patris,

186 3847 281 3924 Filii,
296 3851 331 3910 et
347 3847 482 3925 Spiritu
497 3845 648 3908 Sancti.''
663 3847 709 3908 Et
725 3846 815 3908 aliae
831 3847 1144 3910 Contraternitates
1159 3848 1247 3909 alias
1262 3849 1388 3910 habent

185 3949 365 4011 formulas.
413 3948 456 4010 In
481 3948 638 4009 omnibus
663 3951 779 4010 tamen
803 3965 844 4011 ee
869 3965 956 4027 quae
981 3954 1063 4012 sunt
1087 3952 1131 4013 ad
1156 3951 1387 4015 substantiam

185 4050 335 4113 inveniri
353 4050 475 4112 debent
493 4049 538 4112 ad
556 4050 704 4110 valorem
723 4049 882 4111 111111.”80

229 4152 351 4214 Multis
376 4152 414 4213 in
442 4151 807 4228 Oonlraternitatibus,
835 4151 1174 4231 Congregationibus‚
1203 4171 1262 4215 seu
1288 4156 1387 4217 Asso

220 4304 240 4330 ¹⁸
252 4301 342 4351 Sacra
358 4299 501 4359 congreg.
518 4299 634 4357 Indulg.
652 4299 700 4349 die
717 4299 750 4349 13
767 4298 852 4349 lunii
870 4297 948 4350 1906.

220 4367 694 4494 1111111111
711 4368 874 4487 ocu

219 4507 240 4535 ⁸
252 4505 342 4556 Sacra
359 4505 501 4564 congreg.
521 4503 636 4562 Indulg‚
655 4505 702 4555 dte
721 4505 885 4564 2111111111
904 4506 981 4557 1887.

220 4575 408 4624 ⁸’Decretum
426 4573 509 4624 auth.
528 4585 556 4624 n.
575 4571 635 4630 421,
654 4573 692 4624 ad
711 4573 735 4624 3.
