3336 5166
230 383 286 440 100
498 384 549 442 De
565 383 904 457 Ooatrateraitatibas
916 385 1159 443 aeclesiasticis

231 577 337 653 Gesd)
374 577 544 642 existebat
574 578 802 659 Gongregatio
832 581 1015 659 Primaria,
1043 599 1130 662 quae
1157 583 1274 644 Bonae
1304 581 1429 643 Mortis

228 680 498 758 ,nuncupabatur
524 681 587 744 sub
615 682 831 746 invocatione
858 684 900 746 D.
928 686 970 746 N.
997 686 1084 747 «Iesu
1111 684 1305 747 christiin
1332 702 1431 748 cruce

231 781 410 872 morientis
431 799 471 845 ac
491 783 718 847 Beatissimae
738 785 895 864 Virginis
916 786 1048 849 Mariae
1067 786 1288 866 perdolentis.
1331 786 1430 848 Finis

231 883 306 962 ejus
321 871 431 946 'eratz
472 886 663 964 Diepoaere
693 887 811 965 fidelos
842 905 904 966 per
935 888 1050 967 jopem
1080 888 1259 950 Passionis
1289 887 1430 949 Domiai

230 986 352 1048 Nostri
369 988 566 1068 memoriam
583 992 618 1049 et
635 989 821 1066 pervitam
839 993 931 1052 reete
949 990 1201 1069 christianaque
1219 989 1431 1066 institutam,

231 1089 277 1150 ad
295 1092 439 1150 mortem
459 1106 561 1168 poam
580 1091 817 1170 felicissimam
837 1092 1035 1154 obeaadam.

272 1189 388 1270 Huius
423 1207 502 1253 vero
537 1190 729 1254 Primariae
765 1191 1048 1270 Gangregationis
1085 1196 1220 1255 statuta
1256 1191 1430 1271 generalia

230 1292 509 1370 praescribebant
529 1294 695 1372 quaedam
715 1294 774 1374 pia
794 1293 958 1358 exercitia
978 1295 1016 1356 in
1035 1293 1205 1357 communi
1225 1295 1429 1374 peragenda,

230 1392 282 1456 ita
311 1398 351 1456 ut
379 1394 514 1457 sodales
543 1395 763 1458 convenirent
791 1396 830 1457 in
858 1396 1035 1459 ecclesiam
1064 1396 1348 1475 Gangregationis
1377 1394 1430 1457 vel

229 1495 376 1574 singulis
390 1497 497 1560 sextis
509 1496 607 1560 feriis
622 1501 684 1560 aut
698 1497 817 1560 diebus
831 1497 1031 1575 Dominicis,
1047 1501 1100 1562 vel
1113 1499 1235 1561 saltem
1250 1498 1354 1561 semel
1367 1501 1430 1560 aut

229 1597 282 1660 bis
299 1598 337 1660 in
354 1615 477 1661 mense.
522 1645 530 1662 .
574 1644 582 1662 .
626 1645 634 1661 .

272 1699 357 1762 Gum
387 1703 501 1790 autem
531 1699 842 1780 Gangregationum
871 1702 988 1764 Bonae
1016 1702 1150 1779 Mortis,
1178 1719 1265 1780 quae
1293 1719 1354 1781 per
1382 1701 1430 1762 di·

228 1819 345 1865 versas
368 1802 451 1864 Orbi
474 1806 591 1881 partes
613 1802 806 1881 eriguntur,
830 1806 966 1866 statuta
988 1803 1179 1882 peculiaria
1202 1802 1429 1881 originalibus

228 1903 374 1967 statutis
399 1921 506 1983 supra
531 1904 710 1967 recensitis
735 1905 850 1967 forent
876 1905 1132 1982 conformanda,
1156 1908 1323 1983 quantum
1348 1908 1429 1968 tem·

228 2023 349 2086 porum
363 2010 398 2069 et
411 2006 562 2069 locorum
577 2006 743 2084 adiuncta
758 2007 952 2084 suaderent,
965 2006 1042 2068 ideo
1057 2007 1270 2086 postulatum
1285 2006 1372 2068 tuit:

272 2109 301 2169 1.
324 2108 449 2170 Utrum
478 2106 672 2170 Primariae
700 2108 881 2186 aggregari
911 2107 1022 2188 possit
1052 2106 1281 2186 Gongregatio
1311 2109 1429 2170 Bonae

228 2209 265 2272 Μ
266 2211 364 2288 ortis,
376 2226 464 2288 quae
476 2209 540 2272 sub
554 2209 769 2272 invocatione
783 2213 920 2272 tantum
937 2209 1057 2272 Sancti
1072 2211 1095 2271 J
1097 2210 1214 2287 osephi
1228 2209 1428 2287 erigeretur,

229 2312 354 2374 omisso
371 2312 508 2374 ommim
527 2312 632 2374 titaio
649 2313 692 2373 D.
710 2312 753 2374 N.
770 2312 858 2373 desa
877 2311 1008 2373 viriati
1024 2310 1063 2372 ia
1080 2328 1179 2373 eraoe
1197 2311 1376 2373 morientis
1394 2315 1429 2373 et

227 2415 268 2475 Β.
286 2414 440 2493 Virpim's
453 2413 586 2476 Mariae
601 2413 822 2491 perdoieatis,
836 2416 872 2474 et
888 2412 988 2490 euius
1003 2416 1139 2475 statuta
1154 2412 1286 2474 nullam
1301 2412 1429 2475 habent

228 2516 433 2578 mentionem
456 2517 498 2578 de
520 2514 588 2594 piis
612 2514 834 2577 conventibus
858 2518 961 2593 atque
983 2513 1287 2577 exercitationibus
1311 2530 1428 2592 supra·

219 2617 332 2680 dictis
352 2634 415 2696 pro
435 2617 539 2680 certis
559 2616 688 2695 diebus,
709 2620 744 2679 et
763 2616 1001 2679 tantummodo
1021 2615 1271 2696 praescribunt,
1291 2619 1333 2677 ut
1353 2616 1429 2676 fun·

228 2721 357 2783 dantur
374 2736 490 2800 preces
508 2736 571 2797 pro
588 2735 789 2797 unoquoque
806 2717 897 2780 socio
915 2734 991 2779 cum
1009 2717 1047 2778 in
1066 2716 1225 2795 agoniam
1244 2716 1428 2793 devenerit,

227 2826 267 2884 ut
287 2824 440 2883 mortuos
460 2820 594 2882 sodales
613 2821 659 2882 ad
678 2820 897 2898 supulturam
917 2818 1123 2880 comitentur
1143 2822 1177 2880 et
1197 2818 1429 2895 eleemosynae

227 2923 437 3001 colligantur
460 2923 505 2984 ad
529 2920 654 2985 Missas
677 2938 740 3000 pro
764 2920 867 2983 sociis
892 2921 1065 2983 defunctis
1090 2920 1319 2983 celebrandis:
1343 2919 1427 2983 talis

227 3024 317 3088 enim
356 3023 584 3103 congregatio
622 3040 691 3084 non
729 3023 867 3086 videtur
903 3040 977 3085 esse
1015 3023 1166 3101 eiusdem
1206 3023 1355 3085 nominis
1393 3026 1428 3087 et

228 3125 408 3188 instituti?
1001 3187 1004 3193 .

271 3228 378 3291 Sacra
395 3226 623 3305 Gongregatio
641 3226 836 3304 respondit:
864 3210 1082 3303 Negative.²⁷⁸

271 3329 410 3392 eertum
433 3332 486 3391 est
508 3345 589 3407 ergo
612 3327 1023 3390 Archieoniraternitates
1047 3345 1107 3389 seu
1129 3327 1321 3390 Primariae
1344 3327 1428 3390 Gon·

228 3431 444 3511 gregationes
474 3448 543 3492 non
573 3447 672 3508 posse
701 3429 768 3492 sibi
798 3446 984 3507 aggregare
1014 3428 1083 3490 nisi
1113 3428 1427 3491 Oonfraternitetes

229 3535 380 3614 ejusdem
402 3533 550 3596 aomiais
571 3537 606 3595 et
626 3531 795 3610 instituti,
815 3531 869 3593 uti
890 3534 988 3609 patet
1006 3548 1048 3593 ex
1068 3531 1176 3592 allato
1198 3547 1361 3608 responso
1382 3529 1427 3592 ad

227 3636 442 3715 propositum
456 3634 607 3697 dubium.

270 3739 320 3800 Ac
335 3739 475 3809 tandem
490 3737 582 3799 clare
596 3739 631 3798 et
646 3735 792 3797 rotunde
807 3732 986 3797 definitum
1002 3735 1064 3796 hoc
1079 3737 1132 3796 est
1147 3733 1186 3794 in
1201 3750 1287 3794 novo
1304 3731 1428 3794 Codice

228 3841 326 3903 iuris
349 3839 513 3903 canonici
534 3839 670 3901 Gonane
689 3837 750 3898 721
771 3836 809 3897 in
829 3835 1046 3914 paragrapho
1061 3831 1125 3896 2⁰:
1168 3834 1426 3896 “Archiconira-

227 3942 375 4004 tennitas
392 3941 445 4004 vel
459 3939 632 4002 Primaria
648 3938 739 4000 Unio
753 3956 811 4000 eas
827 3940 966 4000 tantum
982 3940 1096 4015 potest
1112 3935 1427 3998 Confraternitates

227 4046 280 4106 vel
304 4043 380 4122 pias
404 4042 547 4105 uniones
572 4041 638 4104 sibi
663 4057 857 4118 aggregare,
882 4056 969 4117 quae
993 4038 1065 4101 sint
1087 4036 1239 4116 ejusdem
1264 4036 1362 4099 tituli
1386 4053 1427 4100 ac

228 4146 325 4224 finis,
336 4145 404 4206 nisi
423 4145 597 4206 indultum
616 4141 842 4221 apostolicum
862 4140 957 4203 aliud
976 4140 1099 4202 ierat.''

269 4250 299 4310 7.
323 4244 699 4312 Archiconiraternitas
727 4260 795 4304 non
824 4245 938 4320 potest
966 4242 1083 4320 plures
1111 4239 1426 4302 confraternitates

229 4369 423 4396 “n-und

261 4429 362 4480 Μαι.
381 4413 412 4478 SJ
429 4388 521 4481 Sedis,
539 4421 596 4473 vol.
613 4421 719 4480 XXIV,
737 4431 802 4480 pag.
820 4419 880 4471 125.
