3340 5170
484 449 534 506 De
553 447 891 520 Ooasruieruitatibaa
907 445 1150 504 Ecclesiastico}
1389 443 1427 502 39

232 647 379 724 valeant,
403 646 498 708 etin
520 645 859 708 communicationem
884 645 1177 724 indulgentiarum
1203 643 1353 723 admitti,
1377 644 1430 705 ita

233 753 272 812 11
286 750 323 811 11
337 747 423 828 ipsis
437 748 600 826 ecclesiis,
616 749 674 810 ubi
690 747 898 827 respectivae
914 747 1124 810 Sodalitates
1140 748 1272 810 inerint
1286 749 1428 824 erectae,

231 855 369 931 praeter
404 851 599 915 functiones
635 850 820 916 secundum
857 854 993 914 statuta
1030 851 1118 912 obiri
1155 851 1288 928 solitas,
1324 851 1429 913 etiam

232 953 449 1016 visitationes
479 953 598 1032 peragi
629 953 773 1031 possint,
804 952 938 1031 quoties
969 969 1029 1015 eae
1059 953 1105 1014 ad
1136 951 1430 1030 indulgentiarum

232 1055 492 1134 acquisitionem
525 1056 758 1133 praescriptae
789 1054 1020 1131 inveniantur,
1052 1058 1189 1116 servata
1219 1054 1256 1115 in
1288 1053 1430 1132 reliquis

232 1157 488 1221 Constitutione
517 1158 701 1220 Clementis
731 1158 822 1220 VIII
851 1161 886 1220 11
915 1157 1038 1220 ceteris
1066 1158 1110 1220 de
1137 1158 1215 1237 iure
1242 1158 1430 1222 servandis.

231 1260 411 1322 Praesenti
436 1260 475 1322 in
499 1264 702 1339 perpetuum
727 1260 877 1323 valituro
903 1261 1030 1340 absque
1055 1261 1128 1324 ulla
1154 1259 1274 1322 Brevis
1299 1259 1430 1340 expedi·

231 1363 334 1425 tione.
374 1363 452 1424 Non
470 1361 688 1425 obstantibus
706 1362 743 1423 in
762 1361 973 1425 contrarium
992 1362 1200 1425 iacientibus
1218 1362 1431 1441 quibuscum·

231 1465 326 1544 qim„

184 1595 189 1600 ·
279 1567 334 1643 (d)
362 1565 501 1629 Pariter
529 1566 731 1645 permissum
758 1568 821 1644 est,
849 1566 954 1629 utin
982 1583 1053 1629 una
1079 1566 1261 1660 eademque
1288 1566 1431 1629 ecclesia

232 1667 348 1748 plures
389 1667 569 1747 erigantur
611 1668 924 1732 Ocniraternitates
965 1685 1026 1732 seu
1068 1667 1280 1731 Sodalitatas
1322 1668 1430 1730 Tertii

232 1771 373 1834 Ordinis
391 1771 578 1833 saecularis
599 1771 633 1832 S.
654 1769 830 1833 Francisci
850 1780 912 1848 pro
931 1769 1076 1832 diversis
1095 1769 1265 1832 sodalium
1285 1770 1431 1834 nationi-

231 1874 305 1951 bus,
325 1873 377 1935 ita
397 1877 437 1934 ut
455 1888 677 1951 unaquaeque
696 1889 776 1934 suos
796 1872 920 1934 babeat
940 1873 985 1952 ad
1003 1856 1147 1935 invicem
1165 1872 1431 1951 independentes

232 1974 401 2053 officiales,
417 1974 575 2053 proprios
591 1977 707 2036 coetus
722 1979 757 2036 et
773 1974 950 2052 proprium
967 1974 1182 2036 Directorem
1195 1974 1429 2052 spiritualem3
1463 1971 1466 1976 ’

231 2081 266 2140 11
280 2077 383 2138 simul
398 2077 546 2154 gaudeat
560 2077 790 2156 Indulgentiis
805 2081 840 2138 et
855 2075 1045 2155 privilegiis
1060 2077 1147 2156 ipsis
1161 2077 1340 2141 concessis.
1378 2079 1431 2139 In·

231 2178 369 2241 venitur
385 2178 448 2241 boc
464 2177 681 2257 privilegium
696 2179 733 2240 in
750 2178 927 2242 1111111111
944 2178 1208 2242 Ecclesiasticis.
1220 2179 1247 2214 ⁸⁶

246 2285 249 2295 ⁴
273 2281 328 2342 En
347 2285 447 2343 tenor
465 2277 569 2358 hulus
588 2279 833 2342 declarationis
854 2279 927 2344 SO.
949 2280 1266 2359 Indulgentiarnm:

265 2382 478 2447 ,Beatissimo
495 2383 617 2445 Pater:

274 2485 434 2548 Minister
481 2483 710 2548 Prouincialis
758 2484 899 2546 Ordinis
949 2485 1113 2547 Fratrum
1162 2485 1344 2563 Minor-um,
1393 2485 1431 2547 11

232 2587 395 2665 Regulari
422 2585 605 2648 Provincia
633 2587 879 2649 Immaculatee
905 2586 1146 2665 conceptionis
1172 2587 1264 2665 apud
1289 2589 1431 2666 1111111-

231 2689 357 2751 blicam
377 2688 620 2750 Brasiliensem
641 2687 934 2765 commorantium,
953 2688 1091 2766 praevio
1111 2705 1286 2750 sacrorum
1307 2688 1432 2767 pedum

196 2839 199 2844 .
232 2791 358 2867 osculo,
401 2789 590 2852 humillime
633 2788 822 2852 sanctitati
864 2791 957 2853 'luae
998 2791 1149 2870 exponit,
1191 2792 1285 2871 apud
1326 2809 1431 2854 uuam

232 2894 448 2971 eamdemque
467 2892 644 2955 ecclesiam
665 2891 856 2954 Oonventui
876 2893 1039 2955 Fratrum
1060 2893 1232 2956 Minorum
1253 2894 1431 2970 adnexam,

232 3000 267 3057 et
284 2995 430 3057 maxime
447 2994 484 3055 in
502 2994 647 3056 dioecesi
666 2994 905 3072 Ourytubensi,
922 2998 1059 3056 exstare
1077 2999 1228 3074 quatuor
1245 2995 1431 3076 Oongrega-

232 3097 353 3173 tiones,
370 3096 422 3158 vel
438 3096 554 3175 plures
570 3095 797 3173 paucioresve,
814 3096 923 3158 Pertii
941 3096 1082 3158 Ordinis
1098 3096 1292 3159 Saecularis
1311 3097 1431 3160 Sancti

233 3198 420 3275 Francisci,
449 3201 590 3276 propter
617 3197 770 3259 diversas
800 3196 976 3260 Sodalium
1005 3197 1173 3275 nationes,
1202 3198 1254 3262 ita
1283 3203 1322 3261 nt
1350 3217 1431 3263 una·

232 3317 383 3380 quaeque
419 3300 544 3362 habeat
579 3315 659 3361 suos
695 3297 740 3361 ad
777 3298 920 3361 invicem
957 3298 1224 3378 independentes
1261 3301 1431 3379 officiales,

233 3403 390 3481 proprios
424 3406 550 3478 coetus,
583 3402 646 3462 snb
680 3401 819 3479 proprio
853 3400 1031 3463 Directore
1065 3401 1252 3480 spirituali.
1309 3404 1431 3482 Itaque

231 3505 384 3583 quaerit:

274 3608 303 3668 1.
326 3607 451 3668 Utrum
477 3605 581 3668 liceat
607 3605 775 3684 ejusmodi
801 3605 954 3666 diversas
981 3604 1269 3684 Congregationes
1295 3607 1333 3667 in
1361 3625 1431 3669 una

232 3710 414 3786 eademque
439 3707 592 3783 ecclesia,
618 3708 689 3768 sive
715 3707 752 3767 in
778 3707 900 3768 iisdem
926 3706 1061 3768 sivein
1087 3707 1232 3769 diversis
1258 3709 1432 3771 Ecclesiae

233 3810 416 3889 Oappellis‚
436 3810 583 3871 babere?

275 3910 943 3988 111111111111111131111111111111
970 3911 1107 3973 valeant
1134 3910 1344 3989 Confratrcs,
1372 3912 1430 3990 qui

232 4014 278 4076 ad
294 4014 446 4076 diversas
463 4013 630 4090 eiusmodi
648 4011 822 4090 pertinent
840 4011 1152 4089 Oongregatioues?

275 4117 321 4177 lit
339 4116 442 4192 Deus,
460 4119 523 4177 etc.

277 4218 383 4279 Sacra
404 4215 631 4294 Oongregatio
652 4215 882 4292 indulgentiis
904 4213 1085 4293 Sacrisque
1104 4215 1272 4292 Reliquiis
1295 4234 1431 4295 praepo

233 4320 302 4381 sita
314 4319 484 4381 declarat:
518 4316 615 4379 Nihil
626 4317 772 4393 obstare,
785 4316 965 4394 quominus
980 4315 1156 4378 Sodalium
1170 4317 1277 4379 Tertii
1290 4319 1431 4379 Ordinis

236 4420 429 4483 Saecularis
467 4419 586 4481 Sancti
623 4418 799 4500 Prancisci
837 4417 1125 4496 Congregationes
1162 4419 1431 4496 constituantur,

268 4569 438 4620 ¹'Analecta
457 4565 640 4619 1101111101.
660 4567 685 4625 1,
703 4577 767 4626 pag.
787 4565 846 4616 131.
