3336 5166
709 701 858 765 CAPUT
878 703 930 764 VI

219 832 262 876 or
288 833 388 878 sonus
413 833 674 881 rnurorsmsus
694 800 1058 883 'conmsrmmnsruu
1086 837 1198 890 uuoun
1225 833 1419 883 rmuuonu

661 937 978 984 suumrsrssrrour
1388 905 1395 912 ’

345 1037 412 1098 Art
431 1037 556 1100 I.-Da
576 1037 674 1100 bools
694 1039 939 1117 temporalitas
960 1039 1295 1119 confraternitatum

263 1151 577 1216 confraternitates
606 1159 781 1234 tamquam
814 1173 979 1235 personae
1010 1157 1155 1220 morales
1186 1157 1224 1220 in
1255 1157 1420 1244 Ecclesia,

220 1254 347 1317 habent
366 1255 555 1333 generatim
575 1257 632 1334 J'us
652 1257 849 1336 possidendi
868 1259 958 1321 bona
978 1259 1193 1340 temporalia,
1212 1261 1329 1322 eodem
1348 1261 1421 1322 fere

220 1357 330 1434 modo,
359 1373 426 1437 quo
453 1357 605 1436 gaudent
632 1358 695 1422 hoc
722 1359 800 1438 J'ure
827 1359 982 1423 Ecclesia
1009 1361 1180 1424 catholica
1208 1360 1421 1442 Ordinesque

257 1459 284 1519 li
309 1457 425 1520 'osi-140

220 1475 421 1622 reDgilximus
438 1561 637 1639 generatim,
656 1562 737 1642 quia
754 1563 884 1625 dantur
902 1563 1088 1626 nonnullae
1106 1562 1420 1628 confraternitates

220 1665 254 1724 et
286 1661 585 1742 congregationes,
616 1663 740 1743 quibus
769 1664 979 1743 prohibitum
1009 1668 1064 1728 est
1094 1665 1184 1728 bona
1214 1666 1419 1747 temporaIIa

220 1764 402 1841 possidere.

261 1867 359 1928 Bona
386 1866 456 1929 ista
481 1867 687 1945 temporalia
714 1871 859 1946 possunt
886 1885 960 1931 esse
986 1867 1191 1948 multiplicIs
1217 1869 1352 1948 generis
1379 1885 1419 1932 ac
1525 1903 1528 1908 -

220 1967 355 2048 speciei,
379 1968 433 2030 uti
457 1986 487 2031 v.
512 1984 561 2047 gr.
585 1968 757 2047 ecclesiae,
779 1969 944 2046 oratoria,
968 1974 1170 2032 ornamenta
1195 1987 1305 2048 sacra,
1330 1971 1419 2033 hona

220 2069 360 2132 mobilia
385 2070 439 2132 vel
463 2069 662 2148 Immobilia,
687 2073 752 2132 etc.
798 2070 916 2132 Variis
942 2071 1075 2150 parlter
1096 2071 1210 2134 modls
1234 2071 1324 2136 bona
1349 2072 1419 2134 ista

219 2171 423 2250 temporalia
439 2171 754 2234 confraternitates
769 2171 945 2250 acquirere
960 2175 1122 2252 possunt:
1139 2177 1284 2252 possunt
1300 2190 1419 2252 nempe

219 2290 259 2335 ea
278 2273 456 2352 acquirere
473 2289 534 2351 per
552 2272 793 2351 eleemosynas,
811 2290 872 2353 per
891 2273 1006 2352 legata
1026 2273 1183 2351 gratuita
1202 2275 1255 2337 vel
1276 2290 1419 2336 onerosa

219 2375 334 2453 ctiam
347 2391 409 2454 per
421 2374 725 2454 praescriptionem
739 2376 792 2438 vel
804 2378 1047 2438 testamentum
1061 2393 1121 2438 seu
1135 2375 1292 2440 ultimam
1305 2376 1419 2438 volun·

219 2480 326 2540 tatem
344 2477 505 2555 fidelium,
520 2481 556 2540 et
572 2477 748 2539 nonnullis
763 2476 844 2540 aliis
860 2476 1033 2539 modis²⁴¹
1127 2524 1128 2527 ,

262 2580 305 2641 In
320 2579 418 2641 Actis
434 2578 585 2642 Sanctae
598 2577 696 2641 Sedis
712 2582 825 2656 potest
840 2577 949 2641 videri
962 2575 1155 2658 exemplum
1170 2578 1319 2658 alicuius
1336 2579 1418 2641 con·

220 2680 465 2758 fraternitatis,
481 2697 567 2760 quae
582 2679 765 2760 acquisivit
778 2679 868 2742 bona
881 2678 1070 2742 immobilia
1084 2679 1122 2741 in
1136 2679 1416 2760 emphytheusim,

217 2787 252 2845 et
264 2782 366 2846 cessit
377 2782 458 2845 inde
468 2781 585 2845 eadem
597 2782 686 2844 bona
698 2781 804 2844 alicui
815 2781 970 2845 tamillae
981 2781 1019 2843 iu
1031 2780 1418 2861 subempbytheusim.¹⁴²

262 2886 362 2947 Intra
385 2883 513 2947 limites
536 2886 758 2961 statutorum,
782 2882 1041 2947 administratio
1063 2882 1229 2945 bonorum
1253 2884 1418 2961 tempora·

219 2986 304 3049 lium
320 2989 455 3065 spectat
470 2987 515 3050 ad
530 2985 641 3066 ipsam
659 2983 999 3063 confraternitatem,
1014 2988 1050 3047 et
1065 3002 1134 3050 non
1150 2986 1195 3047 ad
1211 2985 1418 3064 Episcopum

221 3088 272 3152 rel
288 3088 333 3151 ad
349 3088 535 3168 parochum
552 3087 590 3150 in
607 3086 707 3166 cujus
724 3087 867 3150 ecclesia
885 3085 1060 3150 Sodalitas
1078 3090 1131 3150 est
1148 3091 1272 3150 erecta.

262 3191 372 3253 Juxta
398 3192 513 3252 autem
541 3189 725 3252 clementis
751 3189 844 3252 VIII
870 3187 1161 3252 constitutionem
1187 3193 1333 3269 possunt
1360 3189 1418 3251 Or·

227 3292 348 3355 linarii
370 3291 487 3371 aliqua
509 3290 689 3370 disponere
711 3290 803 3353 circa
825 3289 991 3352 bonorum
1015 3289 1254 3368 temporalinm
1279 3289 1419 3352 confra-

220 3394 424 3456 ternitatum
452 3392 805 3456 administratIonem:
852 3391 994 3471 Legitur
1019 3391 1110 3455 enim
1135 3391 1174 3454 ln
1201 3393 1418 3471 paragrapho

221 3495 311 3558 VIII
328 3496 491 3559 laudatae
509 3493 795 3558 Constitutiouis:

263 3598 415 3673 “Quibus
447 3596 552 3660 etiam
586 3595 768 3674 ministrls,
801 3595 1003 3659 officialibus
1035 3599 1071 3658 et
1105 3595 1186 3660 aliis
1220 3597 1417 3676 praedIctis,

220 3700 448 3780 eleemosynas
466 3701 501 3762 et
520 3698 591 3761 alia
609 3698 726 3761 oblata
745 3697 955 3760 christianae
973 3697 1126 3760 charitas
1143 3697 1299 3762 subsidia
1317 3698 1418 3777 iuxta

219 3803 354 3864 modum
365 3804 401 3864 et
412 3802 558 3863 formam
571 3817 631 3877 per
643 3798 865 3862 ordinarium
878 3799 944 3862 loci
957 3799 1265 3879 praescribendam,
1277 3801 1418 3864 remotis

220 3908 334 3967 tamen
354 3902 490 3980 mensis,
509 3902 663 3980 pelvibus
681 3905 717 3964 et
735 3901 859 3980 capsis,
877 3918 965 3980 quae
982 3901 1020 3962 in
1038 3901 1181 3964 ecclesIa
1200 3906 1235 3964 et
1254 3902 1417 3964 oratoriis

220 4006 390 4069 dictarum
424 4003 759 4067 Oonfraternitatum
793 4005 828 4065 et
862 4002 1172 4082 congregationum
1206 4003 1341 4082 publice
1373 4004 1418 4067 ad

219 4108 281 4170 hoc
295 4107 419 4186 exponi
433 4109 690 4183 consueverunt,
705 4103 896 4182 excipiendi
911 4108 1064 4182 potestas
1080 4103 1190 4167 detur.
1226 4106 1340 4183 Atque
1354 4105 1417 4167 hoc

220 4209 331 4288 ipsum
362 4208 519 4286 Ordines,
549 4207 754 4285 Religiones,
785 4205 956 4268 Instituta
985 4205 1163 4285 erigentia,
1193 4204 1416 4268 instituentis

253 4373 529 4432 ¹⁴·cury·l'erreres‚
548 4371 647 4430 comp.
665 4369 769 4427 Theoi,
785 4371 857 4420 Mor.
875 4369 933 4421 rol.
952 4369 975 4426 1,
992 4381 1021 4420 n.
1040 4367 1091 4420 5⁸5
1109 4337 1152 4429 sq.
1176 4388 1183 4403 2

254 4441 437 4499 ¹⁴¹l'srrores,
455 4441 513 4491 has
528 4439 684 4490 cofradlas
701 4450 721 4498 y
735 4437 997 4497 conmgsolonos,
1015 4450 1043 4489 n.
1062 4437 1122 4489 183.

253 4511 364 4562 ¹⁰Acta
387 4509 513 4570 Sanctae
536 4507 629 4566 Sedis,
650 4508 707 4559 rol.
730 4507 755 4565 3,
776 4519 843 4567 pag.
865 4507 915 4559 425
937 4519 980 4568 sc.
