3336 5166
730 705 880 770 OAPur
895 707 930 767 X

531 845 773 908 bercoteria
800 831 1136 926 donfroterattotom

274 977 303 1038 1.
326 976 451 1039 Omnes
481 976 794 1042 Goniraternitates
823 979 965 1042 institui
993 981 1118 1043 debent
1146 980 1263 1060 aliquo
1291 981 1329 1043 in
1358 981 1433 1045 loco

232 1079 369 1157 publico
391 1077 502 1141 cultui
523 1079 690 1160 dedicato,
711 1081 748 1143 id
769 1085 823 1144 est
844 1082 962 1161 aliqua
982 1083 1020 1144 in
1041 1083 1185 1146 ecclesia
1205 1084 1259 1146 vel
1280 1083 1433 1146 oratorio

232 1181 369 1260 publico
396 1182 450 1244 vel
476 1182 707 1260 semipublico.
757 1183 851 1245 Talis
877 1188 931 1246 est
957 1185 1076 1263 praxis
1104 1184 1319 1263 universalis,
1347 1201 1434 1264 quae

232 1283 333 1345 hodie
349 1284 416 1345 vim
434 1283 520 1362 legis
537 1285 649 1362 habet,
667 1285 721 1347 uti
739 1285 794 1347 fas
811 1290 865 1348 est
882 1286 996 1349 videre
1013 1303 1055 1348 ex
1071 1286 1209 1349 indulto
1228 1305 1249 1350 a
1269 1287 1433 1365 Gregorio

232 1387 301 1448 PP.
322 1387 409 1448 XVI
430 1385 626 1464 regionibus
648 1386 851 1448 Missionum
873 1404 1042 1451 concesso.
1085 1389 1140 1450 lin
1162 1390 1265 1452 verba
1286 1388 1433 1452 indulti:

276 1488 345 1549 “Ut
362 1505 403 1550 ea
420 1488 468 1550 sit
484 1488 659 1550 Ecclesiae
676 1489 886 1551 consuetudo
903 1494 945 1552 ut
962 1508 1050 1568 quae
1068 1507 1090 1553 a
1109 1490 1248 1552 Summo
1266 1490 1434 1553 Pontidce

232 1590 470 1668 approbantur
483 1594 518 1652 et
532 1589 768 1652 instituuntur
781 1591 859 1670 piae
874 1591 1085 1655 Sodalitates
1100 1592 1171 1656 sive
1186 1592 1285 1654 SSmi
1301 1593 1433 1671 Gordis,

233 1693 304 1754 sive
324 1691 422 1753 SSmi
442 1687 685 1770 sacramentis,
704 1693 775 1755 sive
795 1693 895 1755 ssmi
913 1695 1052 1756 Rosarii
1071 1695 1111 1756 B.
1131 1695 1177 1756 M.
1196 1689 1249 1773 V.,
1269 1695 1433 1774 aliaeque,

233 1811 331 1856 suam
356 1795 505 1856 habeant
528 1795 717 1873 cappellam
742 1795 917 1874 propriam
941 1796 979 1858 in
1002 1796 1155 1858 ecclesiis
1178 1796 1215 1858 in
1239 1795 1362 1876 quibus
1386 1796 1434 1862 m·

233 1896 441 1974 stituuntur,
466 1900 501 1958 et
525 1896 563 1958 in
587 1897 745 1975 pluribus
770 1897 923 1960 Orientis
948 1897 1171 1961 Missionibus
1196 1915 1265 1960 uon
1290 1899 1362 1961 sint
1385 1881 1434 1962 ec·

233 1998 357 2061 clesiae
374 2015 436 2060 nec
453 1997 607 2060 oratoria
625 1999 827 2078 communia,
847 2001 906 2061 sed
924 1999 961 2060 in
980 1999 1137 2062 domibus
1155 2001 1302 2079 privatis
1320 2001 1435 2064 omnia

233 2101 321 2162 fiant
343 2101 507 2163 exercitia
530 2101 718 2178 religionis,
739 2101 819 2163 hinc
842 2101 1005 2180 Episcopi
1028 2105 1063 2165 et
1086 2101 1218 2166 Vicarii
1242 2102 1434 2181 Apostolici

232 2203 373 2265 illarum
411 2202 597 2280 regionum,
635 2203 758 2281 quibus
795 2220 817 2266 a
855 2203 994 2265 Summo
1031 2204 1199 2266 Pontiflce
1236 2205 1435 2267 conceditur

232 2305 385 2367 facultas
406 2305 560 2382 erigendi
582 2305 778 2382 huiusmodi
800 2299 1124 2384 Ooniraternitates‚
1147 2306 1378 2369 Missiouariis
1398 2311 1434 2374 et

233 2407 468 2469 sacerdotibus
487 2407 659 2485 indigenis
678 2407 881 2470 facultatem
901 2407 1154 2471 communicant
1172 2407 1210 2469 in
1229 2407 1274 2469 iis
1294 2408 1434 2472 Confra-

233 2509 468 2587 ternitatibus‚
507 2526 593 2587 quas
632 2509 875 2587 institutum,
914 2508 1121 2574 admittendi
1161 2510 1277 2575 fideles
1321 2557 1329 2572 .
1374 2557 1381 2572 .
1426 2556 1433 2572 .

234 2611 415 2674 Memorati
431 2611 620 2673 Antistites
635 2611 836 2674 existimant
855 2611 1030 2673 Summum
1048 2611 1260 2691 Pontificem,
1277 2612 1333 2675 cui
1350 2617 1434 2676 nota

233 2718 287 2776 est
313 2713 465 2777 conditio
490 2713 707 2776 vicariorum
734 2713 1011 2792 Apostolicorum
1038 2713 1076 2775 in
1099 2714 1244 2794 imperio
1271 2714 1433 2804 Sinarum

235 2816 381 2894 aliisque
404 2815 610 2894 regionibus,
631 2815 690 2877 ubi
714 2833 782 2878 nou
805 2819 887 2877 sunt
909 2815 1071 2878 ecclesiae
1091 2833 1152 2878 nec
1173 2816 1327 2879 oratoria
1350 2833 1434 2878 com-

233 2917 361 2996 munia,
382 2934 421 2979 eo
440 2917 516 2996 ipso
536 2934 602 2996 quo
622 2916 708 2995 ipsis
727 2917 927 2996 impertitur
946 2918 1148 2981 facultatem
1169 2918 1320 2997 aliquam
1340 2919 1433 2998 piam

233 3019 387 3098 erigendi
401 3019 633 3096 sodalitatem,
644 3036 701 3081 eos
714 3019 860 3081 eximere
874 3020 917 3082 ab
930 3018 1140 3097 obligatione
1152 3019 1230 3099 piae
1244 3020 1298 3082 ilii
1312 3021 1433 3084 sodali-

233 3121 302 3183 tati
318 3121 525 3199 peculiarem
540 3121 742 3200 assignandi
758 3120 1001 3201 cappellam.¹⁹²
1143 3204 1144 3207 Ἴ

275 3223 329 3285 Ex
348 3225 457 3286 allato
477 3223 613 3286 indulto
633 3224 785 3286 infertur
803 3225 893 3302 quod
913 3224 1019 3286 datur
1038 3228 1176 3287 tantum
1197 3225 1352 3304 exceptio
1371 3242 1434 3306 pro

234 3325 589 3389 confraternitatibus
606 3326 729 3389 erectis
747 3326 839 3389 inter
856 3325 1021 3404 infideles,
1038 3326 1097 3388 ubi
1116 3343 1177 3390 nec
1194 3328 1355 3390 ecclesiae
1371 3345 1433 3391 nec

233 3429 387 3491 oratoria
403 3427 586 3491 habentur.'

275 3531 305 3593 2.
329 3529 458 3593 Sancta
478 3529 580 3594 Sedes
599 3547 667 3592 non
687 3531 855 3609 approbat
874 3529 1078 3592 erectionem
1097 3530 1432 3604 confraternitatum

233 3637 269 3695 et
294 3632 604 3710 Oongregatiouum
630 3632 857 3704 saecularium
882 3631 920 3693 in
945 3632 1097 3694 ecclesiis
1124 3631 1336 3714 Monialium‚
1362 3634 1432 3695 sive

232 3737 388 3798 votorum
407 3735 608 3798 solemnium
627 3733 698 3797 sive
715 3733 819 3797 etiam
838 3733 1056 3812 simplicium.
1095 3734 1243 3796 Videtur
1261 3735 1351 3797 enim
1370 3736 1432 3796 hoc

234 3837 376 3916 spiritui
387 3855 428 3899 ac
439 3837 567 3900 fervori
578 3835 828 3915 Religiosarum
841 3837 1014 3899 nocere¹⁹²
1046 3835 1210 3898 Pluribus
1221 3854 1263 3898 ex
1276 3835 1432 3900 Decretis

269 4017 494 4070 mcollectanea
524 4014 779 4067 constitutionum
815 4051 823 4066 .
859 4051 866 4064 .
903 4013 941 4066 ad
970 4026 1056 4066 usum
1084 4014 1290 4076 operariorum
1320 4018 1433 4077 aposto

234 4085 368 4143 tinorum,
385 4096 465 4135 num.
482 4082 542 4141 565,
558 4093 623 4142 pag,
639 4081 698 4132 283.
1182 4125 1185 4130 .

267 4154 379 4204 ‘'Eoce
395 4151 540 4212 quomodo
557 4150 613 4201 bac
630 4149 665 4201 de
682 4161 714 4200 ro
730 4148 864 4210 loquitur
880 4150 1004 4200 Bassus:
1045 4149 1127 4200 “Non
1145 4149 1225 4200 enim
1242 4150 1360 4208 expedit
1377 4153 1431 4202 aut

232 4221 379 4278 convenit,
401 4224 433 4273 ut
455 4220 487 4270 in
508 4218 683 4270 Moniaiium
703 4217 837 4269 ecclesiis
859 4218 913 4268 sub
933 4216 1038 4278 quovis
1057 4217 1148 4269 titulo
1168 4218 1369 4270 instituantur
1389 4229 1431 4269 so

232 4292 340 4345 dalltia
358 4291 512 4348 laicorum,
532 4289 570 4340 ad
589 4288 722 4341 tollenda
740 4288 969 4348 quamplurima,
989 4299 1064 4347 quae
1084 4286 1190 4339 exinde
1211 4288 1285 4338 oriri
1306 4292 1430 4347 possunt

231 4361 426 4417 incommoda,
456 4362 486 4411 ot
518 4358 676 4417 religiosae
705 4356 938 4417 tranquillitatis
969 4369 1146 4416 sponsarum
1178 4358 1233 4408 Dei
1264 4358 1425 4418 dictarum:

231 4429 344 4483 idcirco
359 4428 450 4479 Sacra
462 4426 659 4486 congregatio
672 4426 886 4484 nplocommm
900 4427 930 4478 et
944 4425 1138 4484 Regularium
1152 4439 1187 4477 ac
1202 4428 1293 4478 Sacra
1306 4427 1430 4485 congre·

232 4497 314 4556 satio
336 4495 516 4554 Tridentini,
537 4507 596 4546 non
618 4493 715 4546 solum
735 4495 840 4547 vetant
862 4505 954 4547 novas
976 4494 1141 4547 erectiones
1162 4495 1196 4547 iu
1218 4495 1352 4548 eceloriis
1373 4495 1432 4548 lio

622 4594 625 4602 ’
1344 4595 1393 4652 117
