3336 5166
468 389 519 448 De
538 384 878 460 confraternitatum
893 382 1137 443 Ecclesiasticie
1376 379 1414 438 95

211 589 404 649 1111111111
424 588 665 667 Ooaoeptionis
681 587 720 650 in
736 588 880 652 ecclesia
898 587 1089 652 cathedrali
1109 587 1256 651 Tornaci
1275 586 1413 649 Hervio

211 689 350 768 111111;181
374 689 434 752 sed
458 688 568 768 magis
590 691 788 770 frequenter
811 689 983 754 mediante
1009 690 1116 753 Sacra
1142 689 1414 769 Oongregatione

213 791 523 869 Indulgentiarum.

255 892 414 954 Diximus
435 892 604 972 superius,
623 894 739 972 grotta
760 895 853 972 boec,
874 895 1009 973 goerado
1030 893 1239 971 conceditur,
1260 892 1342 972 quia
1362 909 1413 956 ac-

213 993 326 1057 cidere
338 993 525 1074 aliquando
539 998 662 1073 potest,
676 995 884 1075 quodetiam
900 999 1052 1074 negetur,
1067 994 1121 1057 uti
1135 994 1263 1057 accidit
1277 993 1415 1057 saeculo

212 1097 330 1175 elapso
361 1113 424 1176 pro
455 1096 752 1160 Oontrnternitate
785 1095 906 1160 Sancti
938 1096 1126 1174 Michaelis,
1159 1095 1343 1174 Monacbii‚
1376 1095 1414 1156 in

213 1197 374 1261 Bouaria.
415 1199 560 1261 Factum
580 1199 643 1262 hoc
662 1197 860 1262 continetur
878 1199 917 1260 in
937 1196 1127 1277 Rescriptis
1148 1196 1358 1260 authenticis
1379 1196 1414 1259 S.

213 1299 251 1362 Ο.
267 1299 576 1378 Indulgentiarum,
591 1316 623 1363 n.
635 1300 687 1378 43,
701 1317 778 1379 pag.
792 1299 843 1378 28,
858 1301 957 1379 quod,
971 1317 1075 1380 quum
1089 1299 1136 1362 sit
1150 1302 1222 1360 tam
1236 1297 1414 1377 originale,

213 1401 338 1464 bonum
355 1401 476 1481 putavi
493 1401 665 1480 integrum
683 1401 823 1466 11111111

214 1517 298 1578 1111
315 1519 355 1580 31
375 1517 535 1596 nugati.
596 1519 648 1581 ne
665 1517 962 1580 commeruisse
981 1497 1212 1580 §.Michaelis
1231 1514 1414 1578 monacus.

256 1634 448 1713 Frisingen.
465 1635 611 1698 Nomine
628 1635 662 1698 S.
678 1635 856 1700 Michaelis
872 1636 1080 1715 Archangeli
1097 1637 1271 1700 Monachii
1286 1637 1415 1716 exposi-

213 1740 288 1799 tum
303 1735 384 1814 fuit,
399 1736 614 1800 confratrum
629 1741 664 1800 et
678 1754 898 1800 consororum
914 1755 1092 1799 numerum
1108 1739 1193 1800 adeo
1209 1742 1358 1815 auctum,
1375 1741 1415 1801 ut

214 1838 390 1916 octoginta
408 1838 519 1902 millia
536 1839 644 1901 eidem
663 1839 840 1918 adscripta
857 1838 1085 1918 reperiantur,
1103 1843 1139 1904 et
1158 1842 1197 1901 ut
1216 1839 1349 1919 majora
1367 1839 1416 1901 in-

214 1943 387 2002 crementa
423 1938 602 2019 suscipiat,
639 1939 750 2019 primo
787 1941 824 2003 in
861 1939 1291 2003 Archiconfraternitatem
1328 1939 1416 2019 erigi

213 2037 404 2104 humillime
422 2042 594 2120 postulat3
614 2043 762 2104 secundo
781 2042 972 2121 plenariam
991 2041 1242 2121 indulgentiam
1262 2041 1416 2121 exposcit

214 2161 277 2222 pro
297 2143 531 2206 confratribus
550 2148 585 2206 et
605 2143 844 2206 consororibus
863 2145 901 2204 in
920 2144 1040 2206 diebus
1059 2145 1160 2207 festis
1179 2140 1416 2206 Dedicationis

213 2249 250 2309 11
281 2245 522 2324 Apparitionis
556 2245 589 2308 S.
622 2246 801 2309 Michaelis
832 2247 1050 2324 Archangeli,
1084 2246 1117 2308 S.
1149 2246 1346 2325 Rapbaelis,
1381 2245 1415 2308 S.

215 2347 356 2425 ioseph,
382 2346 563 2410 Pascbatis
589 2348 873 2426 Resurrectionis‚
902 2348 1131 2425 Pentecostes,
1158 2347 1416 2425 Assumptionis

214 2449 254 2510 B.
273 2449 318 2510 M.
336 2449 492 2528 Virginis
510 2453 545 2511 11
563 2449 601 2510 in
619 2448 836 2512 solemnitate
853 2449 1013 2511 Omnium
1034 2450 1256 2528 Sanctorum
1276 2451 1415 2514 tandem

214 2554 256 2612 ut
273 2550 424 2613 facultas
443 2569 464 2613 a
483 2550 589 2613 SSmo'
608 2553 650 2613 D.
669 2553 711 2613 N.
728 2551 907 2614 tribuatur
925 2551 1143 2614 Praesidenti
1161 2552 1313 2630 eiusdem
1333 2552 1416 2613 Gon·

214 2653 451 2715 fraternitatis
473 2653 525 2714 vel
547 2652 653 2715 alicui
675 2671 716 2715 ex
738 2653 950 2732 cappellanis
972 2654 1077 2716 abeo
1099 2653 1298 2731 designatis,
1321 2654 1416 2716 bene

215 2754 351 2816 dicendi
367 2770 466 2816 sacra
482 2754 701 2832 numismata,
717 2772 805 2834 quae
821 2755 1054 2817 confratribus
1071 2759 1105 2817 11
1123 2755 1361 2817 consororibus
1379 2754 1416 2814 in

215 2860 297 2918 actu
323 2856 542 2918 admissionis
568 2855 836 2918 distribuuntur.
884 2856 1075 2935 Episcopus
1101 2856 1313 2934 Bellicensis‚
1341 2856 1416 2918 Sut-

214 2956 401 3035 fraganeus
425 2962 460 3020 et
484 2957 646 3020 Vicarius
669 2957 847 3020 Generalis
872 2975 935 3037 pro
959 2957 1204 3020 informatione
1229 2957 1416 3036 requisitus

101 3115 104 3124 .
214 3059 371 3137 exposita
391 3076 470 3120 vera
490 3071 563 3122 esse
582 3062 743 3136 testatur,
763 3063 798 3121 et
817 3058 974 3138 precibus
995 3078 1016 3122 a
1036 3059 1323 3122 confraternitate
1343 3077 1416 3138 por·

215 3161 319 3223 rectis
334 3178 416 3222 suas
432 3160 536 3223 etiam
553 3160 743 3222 humillime
758 3161 866 3223 addit.
904 3161 1161 3222 Decernendum
1178 3161 1295 3239 itaque
1310 3160 1395 3223 erit:

258 3259 315 3324 1⁰:
338 3264 394 3323 An
417 3261 695 3324 Confraternitaa
718 3261 896 3341 praedicta
918 3262 1023 3323 titulo
1046 3261 1416 3324 Archiconfraternita·

215 3364 263 3426 tis
282 3364 437 3426 decorari
456 3363 600 3426 debeat?

257 3463 316 3526 2⁰:
338 3465 394 3526 An
420 3468 455 3526 et
481 3482 567 3543 quae
592 3463 829 3544 indulgentiae
855 3463 1089 3526 confratribus
1115 3468 1150 3527 et
1177 3465 1416 3527 consororibus
1452 3463 1454 3468 ’

216 3566 448 3629 concedendae
466 3567 561 3628 rint?
675 3612 677 3616 -

250 3666 309 3730 3⁰:
333 3670 387 3730 An
428 3668 538 3747 petita
578 3668 729 3729 facultas
748 3743 750 3747 y
768 3665 988 3729 benedicendi
1028 3666 1238 3730 numismata
1279 3665 1417 3729 concedi

216 3771 361 3833 debeat?

257 3873 304 3934 Et
323 3871 428 3934 Sacra
445 3870 672 3949 Congregatio
688 3869 744 3932 die
758 3869 799 3931 31
816 3869 965 3947 Augusti
982 3869 1065 3930 1722
1081 3870 1276 3949 respondit:

258 3973 313 4035 Ad
335 3974 472 4034 l-um:
495 3972 670 4049 Negative.

258 4076 313 4137 Ad
335 4075 473 4135 2-—umz
497 4072 738 4150 Indulgentiae
758 4075 943 4152 perpetuae
964 4071 1318 4134 Confraternitatibus
1339 4071 1416 4134 dari
1466 4129 1469 4136 .

216 4176 349 4238 solitae.

259 4278 313 4339 Ad
335 4277 473 4338 3—um:
496 4274 671 4353 Negative.

258 4381 289 4442 3.
311 4377 534 4455 Privilegium
563 4376 629 4438 sibi
658 4376 867 4454 aggregandi
895 4392 956 4454 per
984 4379 1094 4437 totum
1124 4375 1247 4437 Orbem
1277 4374 1417 4436 Confra-

251 4529 277 4556 ¹⁸¹
286 4526 439 4584 Analecta,
457 4525 541 4582 XIII,
559 4524 619 4582 885,
636 4535 664 4574 n.
682 4523 760 4575 1030.
