3336 5166
479 369 529 431 Dc
544 367 884 443 Ooafroieroiioiibos
896 368 1139 445 iiooiosiosiiois
1354 369 1410 430 129

362 570 440 632 Ari.
468 567 612 632 ii.·-De
639 568 893 634 restauratione
920 568 1255 650 Gonirotoruitotma

242 701 517 767 ¹Rostuuratioue
531 701 604 766 sive
619 719 707 767 nova
720 701 892 767 erectione
907 720 995 784 opus
1011 707 1074 783 est,
1091 703 1122 768 si
1139 703 1409 768 confraternitas

208 805 347 884 penitus
362 805 433 868 fuit
448 804 630 868 exstincta.
667 805 762 879 Quae
777 821 865 870 nova
880 805 1007 869 erectio
1022 822 1092 869 non
1109 821 1189 874 raro
1205 809 1320 887 potest
1335 823 1409 870 esse

208 907 401 971 necessaria
428 906 550 971 saltem
578 907 623 970 ad
649 905 830 987 cautelam,
856 907 926 970 nisi
952 907 1090 972 coactio
1115 925 1138 972 a
1165 907 1295 973 Sancta
1323 907 1408 974 Sede

207 1009 458 1074 obtineatur.²²⁸
976 1063 979 1082 ,
1288 1060 1290 1064 .
1458 1005 1460 1010 ’

250 1113 329 1175 Duo
347 1111 530 1197 praecipue
549 1129 632 1191 prae
651 1111 761 1176 oculis
781 1111 937 1177 habende
957 1116 1050 1192 eunt,
1070 1112 1208 1193 quando
1228 1112 1346 1192 egitur
1366 1113 1408 1176 de

208 1213 543 1278 Gonimternitatum
574 1213 802 1278 exstinctione
831 1218 867 1279 et
897 1215 1160 1278 restauratione.
1212 1216 1406 1279 Videndum

208 1320 262 1384 eat
285 1333 405 1396 nempe
427 1333 473 1380 an
498 1315 673 1380 Sudolitas
696 1316 838 1382 desierit
861 1333 923 1397 per
946 1317 1119 1381 decretum
1144 1317 1407 1398 suppressiouis,

207 1419 261 1482 vel
275 1417 479 1497 simpliciter
493 1420 537 1482 ob
551 1418 702 1482 fratrum
718 1411 897 1498 penuriam
913 1417 966 1482 vel
981 1422 1172 1499 temporum
1188 1419 1329 1500 injuria.
1369 1419 1407 1482 Si

208 1520 367 1600 primum,
393 1524 478 1584 tunc
504 1523 640 1584 cessant
667 1523 703 1584 et
728 1519 941 1585 amittuntur
966 1520 1098 1600 puriter
1123 1521 1239 1585 omnia
1265 1521 1345 1602 iura
1372 1525 1407 1586 et

198 1622 352 1702 'gratiae
366 1638 471 1704 pacm
486 1623 713 1687 oooossoriom
728 1625 891 1686 uotorum
905 1623 1001 1708 cepres·
1017 1624 1177 1703 ooaprait
1192 1621 1406 1704 principalis.
1471 1657 1473 1662 .

209 1725 247 1788 Si
268 1741 353 1789 vero
377 1724 573 1804 secundum,
600 1740 719 1802 nempe
745 1724 776 1788 si
803 1723 944 1788 desierit
970 1723 1013 1788 ob
1033 1725 1190 1788 iratrum
1216 1726 1406 1806 penuriam,

207 1829 291 1892 tunc
304 1827 408 1892 etiam
424 1827 612 1892 cessantia
625 1831 708 1890 ocio
721 1825 836 1892 omnia
849 1827 929 1908 iura
941 1830 977 1891 et
991 1825 1189 1908 privilegia3
1206 1828 1265 1892 sed
1280 1829 1406 1892 iterum

207 1929 323 1996 omnia
342 1929 426 1996 iaec
445 1930 580 2009 inruet
600 1929 781 2010 privilegiu
801 1929 1053 1998 reviviscuntur
1073 1931 1194 1994 statim
1214 1947 1255 1995 uc
1277 1930 1406 1995 Sodali·

206 2033 294 2096 tium
310 2031 572 2114 repristinatum
586 2031 644 2111 sit,
658 2031 748 2112 quod
763 2031 804 2096 iit
817 2034 902 2096 tunc
915 2031 1042 2112 absque
1056 2049 1144 2096 nova
1158 2033 1407 2112 approbatione

205 2139 242 2199 et
260 2134 483 2213 concessione,
501 2132 601 2216 Juxta
618 2150 827 2199 communem
845 2133 1032 2198 Doctorum
1051 2133 1268 2200 seutentiam.
1355 2133 1358 2139 '

241 2319 269 2348 ¹¹¹
278 2317 392 2370 werne
407 2325 453 2376 op.
467 2313 518 2368 cit
532 2313 590 2368 rol.
604 2311 659 2373 111,
674 2324 703 2366 n.
719 2312 780 2367 tta
