3340 5170
264 388 301 446 60
520 390 570 448 De
590 389 929 464 Oonsrutcrnitatibus
944 390 1187 451 Ecclesiaatteis

262 589 368 652 alicui
392 588 683 654 confraternitati
706 593 909 672 adscribere,
932 611 1001 656 non
1023 599 1077 656 est
1099 595 1295 658 formalitas
1318 596 1362 658 ab
1385 597 1462 674 ipsa

261 690 312 753 rei
333 695 461 754 natura
481 693 663 772 exquisita,
684 710 761 757 cum
782 695 939 758 omnibns
954 700 1080 758 ¹notum
1100 695 1157 774 sit,
1179 698 1269 775 quod
1289 697 1405 777 plures
1426 700 1462 759 et

261 793 448 872 aliqnando
470 794 586 872 magni
609 795 745 873 quidem
767 798 930 861 momenti
953 802 1098 874 possunt
1121 799 1240 876 peragi
1262 802 1462 860 contractus

262 895 374 958 “inter
406 896 595 974 absentas,'’
626 898 686 959 sed
718 897 788 960 ista
820 899 1016 977 praesentia
1048 900 1240 978 personalis
1272 899 1463 978 requiritur

260 997 377 1076 potius
392 998 436 1058 ad
452 999 703 1074 praecavendos
717 1001 854 1078 abusus,
869 1001 965 1062 etad
980 1001 1232 1079 procurandam
1248 1000 1460 1064 devotionem

260 1098 370 1178 magis
401 1099 578 1162 Sodalium
606 1118 708 1179 quam
736 1119 898 1179 magnum
928 1118 1116 1164 numerum.
1169 1105 1295 1166 Tamen
1325 1107 1360 1165 et
1389 1104 1460 1166 ista

261 1201 380 1279 regula
399 1201 442 1264 de
461 1201 634 1280 personali
653 1203 850 1280 praesentia
870 1221 951 1267 suas
972 1204 1074 1266 habet
1093 1205 1309 1282 exceptiones
1328 1205 1399 1267 sive
1419 1221 1461 1266 ex

260 1302 466 1380 particulari
499 1303 757 1382 organimtione
790 1304 939 1383 alicujus
973 1305 1282 1369 confraternitatis
1316 1306 1387 1368 siva
1419 1316 1461 1368 ex

260 1404 402 1483 speciali
428 1404 684 1485 dispensatione
710 1405 857 1469 Sanctae
884 1407 991 1490 Sedis„
1018 1408 1076 1470 Ita
1100 1424 1152 1469 ex.
1178 1425 1227 1486 gr.
1253 1407 1460 1470 Benedictus

259 1506 356 1584 XIV,
378 1523 441 1569 suo
462 1507 565 1568 Brevi
588 1509 686 1569 “Non
706 1511 759 1570 est
778 1508 935 1586 quidem'’
957 1526 999 1570 ex
1021 1509 1077 1571 dle
1097 1509 1139 1570 25
1161 1509 1247 1587 Maii
1271 1509 1355 1572 anni
1377 1509 1460 1571 1754
1560 1533 1561 1536 “

260 1608 427 1671 concessit
453 1608 670 1687 privilegium
696 1609 845 1687 Regibus
869 1614 906 1672 et
930 1609 1151 1688 Principibus
1177 1627 1360 1688 eorumque
1385 1627 1460 1673 con·

259 1709 486 1787 sanguinibus
515 1728 622 1789 nsque
651 1711 696 1772 ad
725 1712 910 1774 secundum
940 1713 1085 1789 gradum
1114 1711 1280 1795 inclusive
1309 1727 1381 1774 sese
1411 1712 1459 1772 in·

259 1812 430 1875 scribendi
458 1813 563 1874 etiam
591 1815 747 1874 absentes
775 1813 813 1874 in
841 1813 1172 1876 Confraternitatem
1200 1815 1301 1892 vulgo
1330 1815 1459 1877 dictam

259 1915 431 1976 “Nuestra
451 1913 602 1992 Segnora
620 1915 664 1976 de
679 1915 892 1995 Guadalupe‚
911 1918 1066 1979 Patrona
1084 1917 1126 1979 de
1145 1917 1335 1979 Maxico.’”²

301 2016 442 2078 Prolixa
466 2020 501 2078 et
525 2016 779 2094 aliquantulum
804 2017 971 2081 intricata
995 2022 1049 2080 est
1073 2019 1219 2081 materia
1244 2020 1286 2082 de
1310 2037 1378 2080 non
1403 2019 1459 2082 ad-

258 2117 447 2179 scribendis
472 2120 670 2180 absentibus
694 2118 731 2178 in
757 2118 1094 2192 confraternitates.¹
1125 2120 1245 2182 Videri
1269 2122 1331 2182 boc
1355 2121 1458 2183 facile

258 2223 372 2297 potest
394 2219 449 2281 vei
471 2237 512 2281 ex
534 2221 611 2299 ipsa
634 2221 858 2283 multitudine
880 2222 1113 2299 quaesitorum
1135 2239 1175 2285 ac
1198 2223 1457 2301 responsionum

260 2319 443 2384 Sacrarum
468 2322 789 2402 Oongregationum.
835 2323 946 2396 Quum
970 2323 1171 2386 dissertatio
1195 2341 1270 2387 mea
1294 2342 1362 2386 non
1386 2342 1458 2404 per·

258 2423 377 2484 mittat
397 2422 481 2484 mihi
501 2423 604 2486 nimis
624 2423 764 2502 profuse
782 2424 846 2485 hac
866 2425 909 2486 de
928 2443 965 2487 re
984 2428 1147 2503 tractare,
1166 2425 1315 2488 breviori
1335 2425 1457 2488 saltem

257 2542 325 2603 qua
341 2525 416 2588 fleri
432 2527 546 2603 potest
561 2526 719 2588 methodo
734 2526 915 2589 materiam
932 2528 1019 2588 hanc
1034 2528 1220 2606 explanare
1235 2530 1435 2607 procurabo.

300 2627 343 2687 In
361 2644 431 2690 una
449 2627 655 2690 Amerioaaa
672 2628 706 2688 N
706 2629 762 2690 noi
778 2628 888 2707 Rogat
905 2628 1090 2707 Hispanias*
1108 2630 1171 2691 sub
1191 2629 1247 2692 die
1263 2631 1305 2693 28
1323 2630 1456 2709 Aprilis

258 2728 350 2806 1761,
367 2728 581 2817 propositum
598 2729 669 2791 fuit
686 2729 845 2792 dubium:

299 2827 336 2891 1ο
361 2832 417 2891 An
431 2831 589 2893 absentes
603 2829 754 2892 adscribi
768 2831 903 2909 possint
916 2831 954 2892 in
968 2831 1185 2894 confratres?

299 2932 347 2994 Et
364 2936 533 3009 qnatenus
550 2931 716 3012 negative.

297 3029 335 3094 2⁰
360 3035 415 3094 An
438 3034 702 3112 supplicandum
725 3035 773 3096 sit
795 3034 911 3098 SSmo.
936 3052 999 3115 pro
1022 3052 1139 3097 eorum
1162 3037 1378 3116 admissione,
1402 3038 1456 3100 vel

255 3135 300 3197 ad
319 3135 432 3196 minus
444 3145 517 3215 ¹pro
536 3136 742 3198 admissione
763 3137 954 3200 incolarum
975 3139 1144 3216 praedicti
1165 3139 1244 3201 novi
1266 3140 1375 3220 Regni
1396 3141 1455 3202 Hi-

255 3237 412 3315 spanicii
454 3238 598 3316 (Agitur
612 3237 653 3300 de
667 3239 811 3301 laudata
828 3237 1123 3303 Oonfraternitate
1138 3241 1178 3303 B.
1193 3243 1233 3303 V.
1249 3244 1294 3304 M.
1322 3243 1455 3306 Gnade-

254 3338 434 3418 lupensis.)

298 3440 405 3503 Sacra
423 3440 650 3520 Congregatio
667 3442 861 3520 respondit:
901 3442 1067 3521 Negative
1083 3444 1121 3505 in
1139 3446 1334 3508 omnibus.¹⁸

298 3542 364 3605 Sed
386 3559 462 3604 cum
483 3543 521 3605 in
542 3543 718 3605 nonnullis
739 3562 781 3606 ex
802 3543 870 3624 piis
893 3545 1098 3608 Sodalitatis
1121 3547 1213 3609 inter
1236 3549 1377 3612 Sodales
1399 3550 1453 3613 ad·

254 3645 426 3707 scribendi
452 3645 557 3707 etiarn
586 3644 743 3707 absentes
773 3650 893 3708 contra
922 3647 1115 3725 praefatam
1145 3650 1348 3712 decisionem
1379 3667 1454 3713 con·

254 3746 400 3808 suetudo
419 3746 609 3824 inoleverit,
633 3746 792 3809 Summus
812 3735 974 3810 Pontifex
994 3749 1061 3810 Leo
1082 3750 1176 3812 XIII
1197 3753 1338 3828 praevia
1357 3768 1454 3814 sano

254 3849 359 3926 tione,
385 3847 536 3909 omnium
564 3848 835 3927 adscriptionum
864 3849 1029 3912 hactenus
1056 3851 1148 3914 haud
1175 3852 1243 3914 rite
1270 3853 1453 3928 factarum,

249 3951 438 4026 mandavit,
461 3953 501 4010 ut
525 3949 564 4010 ln
587 3953 763 4028 posterum
786 3954 998 4028 sorbeantur,
1024 3956 1126 4030 atque
1149 3954 1197 4014 ud
1222 3955 1450 4017 observatiam

253 4056 455 4113 revocentur
469 4051 694 4114 resolutiones
709 4052 867 4130 praefato
882 4070 973 4116 anno
988 4054 1070 4115 1761
1085 4055 1238 4118 (11111εέ*

295 4153 400 4215 ildito
420 4170 460 4215 ac
480 4154 616 4230 cognito
634 4153 696 4214 hoc
716 4154 871 4232 Decreto,
892 4155 1043 4232 undique
1062 4156 1212 4234 plurima
1230 4163 1351 4220 exorta
1371 4162 1453 4220 sunt

286 4349 430 4400 '’Decret.
446 4311 528 4400 autb.
545 4363 573 4400 n.
590 4349 650 4401 226.
750 4405 752 4409 ,

287 4418 397 4468 ''ldem
417 4417 532 4468 Decret.
551 4417 634 4469 autb.

287 4488 306 4514 ⁷⁴
315 4486 431 4537 Deerat.
448 4485 537 4537 Urbis
554 4490 584 4538 et
602 4487 696 4546 Orbis,
715 4489 748 4539 13
765 4489 880 4569 Aprilis
896 4486 974 4549 1878,
992 4504 1021 4542 n.
1039 4491 1099 4543 437.
