3336 5166
241 307 309 416 ιιι
477 357 531 418 ue
556 355 910 435 saepememoratus
933 353 1188 416 neocaesarea

245 546 322 608 Art.
343 545 570 608 II.-Poroas
590 516 748 610 cienena
767 547 1072 628 indulgentiarum,
1093 549 1216 628 quibas
1236 539 1388 628 gaudeat
1408 548 1446 610 iu

451 664 573 742 genere
593 648 906 728 Oooiroteraitotes
926 650 1087 713 canoniea
1107 653 1239 713 erectae

289 781 531 859 Indulgentiae
551 783 777 845 communiter
796 800 956 846 concesae
977 785 1134 846 omuibus
1156 783 1390 846 confratribus
1411 787 1447 846 et

247 884 486 946 consororibus
520 884 669 962 alicuius
704 885 1012 949 confraternitatis
1046 886 1084 947 in
1117 889 1330 966 perpetuum,
1365 888 1448 948 sunt

247 989 425 1065 sequentes
434 986 485 1052 :²⁰4

289 1091 317 1150 1.
341 1085 563 1167 Indulgentia
577 1089 734 1169 plenaria
748 1089 786 1151 in
798 1089 966 1168 ingressu.

288 1192 318 1253 2.
342 1191 564 1269 Indulgentia
583 1192 740 1271 plenaria
759 1193 798 1254 in
817 1193 965 1255 articulo
985 1193 1117 1255 mortis.

287 1295 317 1356 3.
341 1295 563 1372 Indulgentia
578 1295 736 1373 plenaria
754 1295 809 1356 die
825 1295 915 1356 festo
931 1295 1127 1374 principali.

289 1399 319 1457 4.
343 1395 565 1474 Indulgentia
586 1400 715 1474 septem
738 1413 912 1458 annorum
928 1401 963 1459 et
983 1397 1128 1460 totidem
1149 1397 1446 1475 quadragenarum

245 1497 283 1558 in
311 1501 460 1577 quatuor
486 1497 567 1559 aliis
595 1499 678 1559 anni
706 1498 806 1559 festis
835 1516 896 1577 per
924 1499 1116 1561 confratres
1145 1499 1311 1577 eligendis
1339 1502 1374 1561 et
1402 1499 1445 1561 ab

246 1599 432 1661 ordinario
455 1600 697 1679 approbandis.
744 1601 885 1674 Quoties
910 1618 988 1663 vero
1013 1601 1130 1662 Missis
1154 1605 1189 1674 et
1214 1601 1294 1662 aliis
1318 1600 1445 1662 divinis

246 1703 365 1764 officiis
392 1702 430 1763 in
457 1701 599 1764 ecclesia
627 1719 688 1764 seu
714 1703 870 1781 cappella
898 1704 951 1765 vel
978 1704 1131 1765 oratorio
1157 1703 1354 1781 huiusmodi
1383 1719 1446 1782 pro

246 1808 397 1884 tempore
421 1805 632 1868 celebrandis
655 1809 690 1867 et
714 1805 911 1883 recitandis,
936 1823 996 1869 seu
1020 1806 1341 1883 congregationibus
1366 1806 1446 1885 pub·

246 1907 323 1969 licis
342 1907 396 1969 vel
414 1907 560 1985 privatis
579 1907 731 1986 ejusdem
750 1907 1058 1970 confraternitatis
1078 1908 1190 1969 ubivis
1210 1907 1378 1974 iaciendis
1398 1906 1445 1969 in·

246 2009 442 2088 terfuerint,
463 2013 525 2071 aut
545 2025 711 2088 pauperes
732 2009 882 2088 hospitio
902 2009 1125 2088 susceperint,
1146 2011 1199 2072 vel
1217 2026 1334 2088 pacem
1354 2011 1446 2072 inter

245 2112 403 2184 inimicos
419 2111 681 2189 composuerint,
697 2129 757 2173 seu
773 2112 929 2190 componi
944 2112 1091 2174 fecerint
1106 2112 1160 2174 vel
1175 2112 1446 2190 procuraverint,

247 2230 378 2276 necnon
404 2214 519 2291 etiam,
546 2213 606 2292 qui
633 2230 776 2303 corpora
802 2214 1042 2276 defunctorum
1069 2218 1142 2276 tam
1170 2215 1383 2277 confratrum
1411 2216 1447 2277 et

245 2332 467 2378 consororum
487 2315 694 2395 huiusmodi,
714 2333 816 2394 quam
836 2314 983 2378 aliorum
1004 2317 1048 2379 ad
1069 2317 1282 2394 sepulturam
1304 2316 1446 2379 associa·

246 2419 369 2496 verint,
400 2421 463 2481 aut
495 2434 723 2497 quascumque
754 2418 986 2496 processiones
1019 2420 1062 2480 de
1085 2419 1235 2480 licentia
1268 2418 1447 2481 Ordinarii

246 2519 433 2599 faciendas,
463 2519 791 2600 sanctissimumque
816 2520 1058 2583 Eucharistiae
1087 2519 1345 2583 Sacramentum
1373 2524 1446 2583 tam

246 2623 705 2702 inprocessiouibu13quam
725 2639 800 2684 cum
820 2623 864 2684 ad
882 2622 1037 2684 infirmos
1056 2626 1118 2685 aut
1137 2622 1226 2685 alias
1245 2623 1448 2701 ubicumque
1494 2613 1495 2616 ’

247 2730 281 2789 et
308 2725 617 2804 quomodocumque
643 2740 707 2803 pro
731 2728 884 2801 tempore
910 2724 1094 2802 deleretur,
1121 2724 1277 2787 comitati
1303 2725 1446 2803 fuerint,

247 2828 300 2890 vel
320 2829 359 2906 si,
380 2827 548 2906 impediti,
568 2844 754 2905 campanae
773 2826 818 2888 ad
837 2826 875 2888 id
895 2825 992 2904 signo
1011 2828 1103 2904 dato,
1125 2827 1228 2888 semel
1248 2827 1447 2889 Orationem

248 2930 462 2992 Dominicam
486 2933 521 2991 et
547 2929 798 2991 Salutationem
822 2928 1022 3006 Angelicam
1046 2928 1207 3007 dixerint,
1239 2929 1446 3006 (autetiam

247 3033 427 3112 quinquies
451 3031 649 3094 Orationem
673 3031 888 3092 Dominicam
911 3034 946 3093 et
970 3029 1223 3093 Salutationem
1247 3031 1446 3109 Angelicam

247 3151 310 3214 pro
333 3133 513 3197 animabus
533 3133 773 3195 defunctorum
797 3132 1010 3195 confratrum
1032 3136 1068 3194 et
1090 3148 1310 3194 consororum
1332 3131 1447 3211 hujus·

248 3237 341 3299 modi
354 3234 608 3314 recitaverint),
621 3238 684 3297 aut
697 3235 831 3297 demum
845 3234 993 3312 aliquem
1009 3235 1053 3296 ad
1066 3234 1156 3296 viam
1171 3235 1295 3296 salutis
1310 3234 1446 3298 reduxe

249 3339 332 3415 rint,
351 3342 386 3400 et
402 3337 601 3416 ignorantes
618 3342 801 3414 praecepta
819 3336 894 3414 Dei,
913 3340 949 3398 et
965 3354 1005 3399 ea
1023 3353 1109 3414 quae
1127 3337 1171 3398 ad
1189 3336 1335 3399 salutem
1354 3341 1445 3412 sunt,

248 3439 438 3518 docuerint,
450 3443 514 3503 aut
525 3439 758 3517 quodcumque
769 3438 865 3501 aliud
879 3439 1022 3517 pietatis
1036 3443 1071 3501 et
1085 3439 1244 3501 caritatis
1258 3457 1343 3517 opus
1357 3456 1445 3501 exer·

250 3541 394 3619 cuerint,
424 3541 528 3605 toties
556 3557 619 3618 pro
649 3540 800 3618 quolibet
829 3539 1083 3618 praedictorum
1112 3557 1252 3619 operum
1284 3540 1447 3606 exercitio

141 3627 146 3636 ⁴
247 3642 428 3721 sexaginta
446 3642 519 3705 dies
538 3645 579 3706 de
597 3641 766 3720 iniunctis
783 3643 843 3720 eis,
863 3659 923 3705 seu
942 3642 1030 3705 alias
1049 3642 1301 3722 quomodolibet
1320 3643 1446 3706 debitis

246 3745 469 3824 poenitentiis
487 3746 526 3807 in
544 3744 849 3808 forma'Ecclesiae
868 3748 1031 3807 consueta
1050 3745 1254 3808 relaxamus.
1296 3745 1446 3808 Dabitur

247 3864 379 3928 quoqne
398 3849 511 3911 altare
529 3846 785 3927 privilegiatum
805 3865 868 3926 pro
889 3847 1043 3909 deiuntis
1064 3847 1297 3910 confratribus
1317 3851 1353 3910 et
1373 3865 1446 3910 con·

248 3950 424 4013 sororibus
447 3950 550 4014 semel
571 3951 609 4012 in
632 3950 842 4013 hebdomada
864 3953 900 4012 et
920 3952 998 4012 tota
1019 3951 1143 4012 actava
1164 3953 1377 4012 mortuorum
1401 3948 1446 4010 ad

246 4051 659 4130 septemnium.”—Hodie
673 4056 790 4115 tamen
806 4051 921 4129 gratia
938 4050 1062 4114 altaris
1079 4049 1291 4129 privilegiati
1308 4050 1446 4114 concedi

246 4154 445 4232 plerumque
462 4155 549 4218 solet
564 4154 603 4216 in
619 4157 831 4235 perpetuum.

280 4367 476 4427 ”Rescripta
491 4362 672 4423 authentica,
689 4373 755 4424 psa.
769 4360 797 4422 ¹8,
812 4371 893 4415 num.
909 4361 935 4418 6.
