3340 5170
490 509 539 565 De
559 507 898 580 confraternitattboa
914 507 1156 565 Ecclesiastioia
1397 507 1433 565 13
1521 555 1523 562 ,

232 702 271 762 in
296 702 691 766 Archicoufraternitate
716 703 777 766 SS.
805 705 1013 784 stigmatum
1040 706 1074 769 S.
1099 707 1218 769 Patris
1244 707 1431 785 Francisci,

233 821 274 866 ea
289 804 365 882 ipso
381 805 455 866 rito
471 807 599 867 natura
616 805 925 869 confraternitatis
942 807 1136 885 conjicitur.

273 906 303 966 3.
325 907 486 968 Habitus.
534 907 572 968 si
595 907 633 968 in
657 908 802 970 statutis
826 909 1073 986 praescribitur
1097 909 1247 970 induitio
1271 909 1431 988 specialia

232 1008 370 1070 babitus
388 1025 449 1070 seu
463 1009 554 1070 sacci
571 1009 624 1070 vel
639 1009 744 1072 vestis
761 1027 830 1071 non
847 1011 957 1072 solum
974 1011 1012 1072 in
1029 1011 1221 1091 receptione
1238 1014 1283 1074 ad
1302 1013 1431 1075 Sodali·

231 1113 348 1187 tatem,
364 1111 422 1172 sed
436 1110 541 1172 etiam
555 1110 593 1171 in
607 1111 811 1189 quibusdam
826 1112 1067 1175 ecclesiasticis
1083 1113 1319 1175 functionibus
1334 1115 1431 1176 intra

231 1229 368 1290 annum,
384 1212 454 1290 J'am
470 1213 532 1275 boc
547 1213 680 1275 indicat
695 1213 837 1276 Sodales
852 1215 1032 1293 collegium
1047 1231 1282 1293 personarum,
1297 1233 1337 1278 ac
1353 1216 1429 1277 ideo

230 1331 343 1375 veram
370 1314 700 1377 Oonfraternitatem
727 1316 946 1378 constituere.
993 1317 1069 1379 Hac
1096 1317 1230 1380 ratione
1258 1317 1429 1380 Sodalitia

230 1432 336 1493 supra
355 1419 543 1478 memorata
562 1433 602 1479 ac
620 1417 708 1478 illud
730 1416 790 1479 SS.
812 1418 1036 1496 sacramenti,
1056 1422 1096 1480 ut
1116 1436 1215 1482 verae
1235 1417 1445 1482 Confrater·'

229 1517 358 1580 nitates
377 1518 472 1579 illico
490 1522 751 1596 cognoscuntur.

271 1619 301 1679 4.
325 1620 523 1681 oratorium
547 1637 608 1682 seu
633 1623 789 1698 cappello
813 1621 866 1684 vel
890 1623 1011 1683 altore.
1058 1621 1202 1695 Quando
1228 1622 1287 1701 pia
1311 1623 1428 1700 aliqua

231 1720 405 1782 Sodalitas
433 1721 609 1800 propriam
636 1723 812 1784 ecclesiam
841 1723 911 1785 sive
939 1724 1129 1785 oratorium
1157 1725 1210 1786 vel
1238 1725 1428 1804 cappellam

213 1826 291 1885 'ant
310 1824 422 1884 altare
438 1823 591 1900 possidet
609 1827 644 1885 et
662 1823 812 1903 propriis
831 1825 1025 1904 sumptibus
1045 1828 1254 1904 manutenet,
1274 1827 1333 1888 ubi
1354 1843 1427 1888 con-

229 1924 363 1986 sodales
381 1924 562 1987 interdum
587 1926 631 1987 ad
658 1942 773 2003 preces
797 1925 1021 1988 effundendas
1048 1932 1083 1989 et
1108 1928 1153 1989 ad
1179 1927 1238 2007 pia
1263 1928 1428 1990 exercitia

166 2053 168 2060 ¹
229 2026 422 2104 peragenda
450 2032 711 2104 congregantur,
738 2028 919 2089 dnmmodo
947 2028 995 2090 sit
1022 2028 1174 2105 legitime
1200 2032 1324 2107 erecta,
1353 2030 1428 2090 sine

228 2127 332 2188 dnbio
363 2127 640 2190 Confraternitas
672 2130 734 2190 est.
777 2129 820 2189 In
852 2129 944 2192 Urbe
974 2130 1083 2192 Roma
1114 2133 1150 2192 et
1180 2131 1286 2193 etiam
1317 2135 1426 2207 extra,

228 2229 378 2307 plurima
402 2229 627 2291 inveniuntur
652 2230 816 2308 oratoria,
843 2248 930 2308 quae
955 2231 1097 2310 propria
1123 2236 1206 2294 sunt
1233 2231 1427 2295 confrater·

228 2331 389 2408 nitatum,
406 2331 490 2409 quin
507 2348 592 2410 opus
611 2331 658 2393 sit
674 2349 714 2394 ea
731 2332 786 2393 bic
804 2332 1003 2395 describere.
1042 2333 1159 2394 Etiam
1178 2333 1236 2412 pia
1256 2333 1426 2396 Sodalitia

230 2432 479 2510 Scapularinm,
500 2438 540 2494 ut
562 2433 622 2494 SS.
643 2433 838 2510 Trinitatis,
859 2435 899 2494 Β.
920 2434 1052 2496 Mariae
1071 2434 1227 2513 Virginis
1247 2436 1289 2497 de
1310 2435 1426 2496 Monte

229 2533 393 2611 carmelo,
415 2533 550 2612 Septem
571 2535 737 2596 Dolorum
757 2539 792 2596 et
812 2537 854 2597 de
874 2536 1028 2598 Mercede
1047 2536 1100 2597 vel
1119 2536 1296 2614 proprium
1316 2540 1426 2597 orato-

228 2635 317 2696 rium
347 2636 400 2696 vel
429 2637 541 2698 altare
570 2637 706 2714 habent,
736 2639 799 2698 aut
827 2637 949 2698 saltem
978 2637 1080 2716 juata
1109 2639 1251 2715 proprio
1280 2642 1426 2714 statuto,

227 2738 350 2799 babere
372 2738 532 2800 deberent
554 2738 777 2816 assignatum.
818 2739 896 2801 liae
916 2738 1026 2817 igitur
1048 2756 1173 2816 omnes,
1195 2743 1299 2816 prout
1320 2739 1425 2800 etiam

226 2839 289 2900 illa
315 2837 374 2900 ΕΒ.
399 2839 547 2915 Rosarii,
571 2840 693 2902 saltem
717 2842 901 2901 secondom
926 2841 1135 2918 primaevum
1158 2841 1426 2918 iustitutionem,

227 2944 309 3002 sunt
321 2958 420 3003 verae
434 2941 756 3018 Confraternitates,
769 2959 807 3003 eo
819 2942 872 3002 vel
885 2941 994 3020 magis
1007 2943 1097 3019 qnod
1110 2942 1243 3004 sodales
1257 2941 1425 3019 adscripti

226 3045 271 3104 od
297 3043 525 3104 imitationem
550 3043 715 3104 Fratrum
740 3044 951 3121 repertorium
976 3043 1132 3104 habitum
1159 3061 1218 3104 seu
1245 3044 1425 3121 scapulare

226 3148 380 3222 gestant:
401 3161 508 3222 parva
526 3145 616 3206 enim
636 3145 833 3222 scapularia
852 3145 999 3206 istarum
1021 3145 1366 3222 Oonfraternitatum,
1387 3146 1425 3205 in

227 3263 290 3307 sua
313 3245 445 3323 origine
467 3249 502 3308 et
526 3246 747 3308 institutione
771 3246 868 3320 aliud
892 3263 960 3307 non
984 3250 1076 3323 sunt,
1101 3264 1202 3324 quam
1228 3246 1425 3324 scapularia

226 3347 332 3409 variis
355 3347 542 3408 Ordinibus
564 3347 733 3424 religiosis
757 3347 907 3425 propria,
931 3365 994 3425 pro
1018 3348 1142 3425 maiori
1165 3347 1317 3408 fidelium
1340 3364 1424 3409 com-

225 3449 393 3511 moditate
412 3450 456 3511 ad
476 3466 616 3526 parvam
636 3449 782 3511 formam
802 3449 951 3510 redacta.

268 3551 297 3612 5.
318 3552 565 3613 Prooeaatooea.
605 3549 694 3611 Sunt
713 3548 892 3628 Sodalitia,
909 3549 1032 3627 quibus
1047 3550 1104 3628 jus
1120 3553 1172 3612 est
1188 3550 1334 3612 ducendi
1351 3566 1423 3628 pro·

226 3653 404 3730 cessiones,
420 3656 460 3713 nt
476 3652 564 3714 illud
583 3650 643 3713 SS.
658 3651 806 3729 Rosarii,
825 3650 1120 3729 Ohordigerorum,
1138 3656 1201 3713 etc.
1241 3653 1293 3712 Ex
1310 3651 1423 3729 hujus·

226 3754 318 3815 modi
344 3753 421 3832 jure
449 3754 553 3815 etiam
581 3753 772 3830 deducitur,
803 3752 1010 3814 Sodalitinm
1038 3770 1112 3814 esse
1140 3771 1254 3814 veram
1284 3753 1423 3814 Confra-

225 3854 434 3917 tenuitatem.

268 3957 296 4018 6.
318 3958 539 4019 Adaaootioe
575 3974 635 4018 seu
670 3956 967 4034 Oooprepotiooea.
1025 3956 1078 4016 Ex
1115 3955 1422 4017 Confraternitatis

226 4059 363 4121 notione
381 4076 487 4137 supra
505 4058 660 4137 exposita
678 4058 822 4134 eruitur,
841 4058 975 4118 sodales
994 4057 1072 4118 illos
1091 4057 1150 4135 qui
1169 4057 1270 4135 juxta
1288 4060 1424 4118 statuta

120 4238 122 4240 Ι
227 4161 411 4240 aliquando
447 4161 686 4224 coadunantur
720 4159 765 4220 ad
799 4159 964 4237 quaedam
1000 4158 1142 4238 pietatis
1177 4157 1285 4220 officia
1320 4158 1424 4220 simul

226 4263 390 4339 obeunda,
405 4279 518 4324 veram
535 4261 864 4323 Confraternitatem
879 4260 1066 4323 efformare.

268 4365 297 4425 7.
320 4365 473 4427 statuto.
525 4363 579 4424 Ex
608 4362 752 4424 statutis
782 4361 927 4439 denique
957 4379 1026 4422 non
1056 4359 1238 4422 difficulter
1269 4359 1423 4438 dignosci

226 4470 348 4543 potest,
368 4482 414 4527 an
432 4465 571 4542 aliquod
592 4462 798 4526 Sodalitium
818 4463 865 4524 sit
884 4480 964 4525 vera
985 4463 1273 4538 confraternitas,
1292 4463 1345 4525 vel
1364 4461 1423 4540 pia

226 4567 315 4628 Unio
338 4571 400 4630 aut
422 4567 516 4646 pium
540 4567 635 4643 Opus
655 4568 803 4627 tantum.
850 4564 888 4626 si
911 4565 948 4625 in
971 4564 1016 4625 iis
1041 4564 1296 4643 praescribatur
1320 4580 1347 4625 e.
1373 4579 1422 4642 gr.
