<?xml version="1.0" encoding="UTF-8"?>
<!DOCTYPE html PUBLIC "-//W3C//DTD XHTML 1.0 Transitional//EN"
    "http://www.w3.org/TR/xhtml1/DTD/xhtml1-transitional.dtd">
<html xmlns="http://www.w3.org/1999/xhtml" xml:lang="en" lang="en">
 <head>
  <title>
</title>
<meta http-equiv="Content-Type" content="text/html;charset=utf-8" />
  <meta name='ocr-system' content='tesseract 3.04.00' />
  <meta name='ocr-capabilities' content='ocr_page ocr_carea ocr_par ocr_line ocrx_word'/>
</head>
<body>
  <div class='ocr_page' id='page_1' title='image "./deconfraternita01borkgoog_0123.png"; bbox 0 0 3336 5166; ppageno 0'>
   <div class='ocr_carea' id='block_1_1' title="bbox 291 410 1219 486">
    <p class='ocr_par' dir='ltr' id='par_1_1' title="bbox 291 410 1219 486">
     <span class='ocr_line' id='line_1_1' title="bbox 291 410 1219 486; baseline 0.008 -18"><span class='ocrx_word' id='word_1_1' title='bbox 291 410 348 468; x_wconf 82' lang='lat'>116</span> <span class='ocrx_word' id='word_1_2' title='bbox 559 413 610 472; x_wconf 82' lang='lat' dir='ltr'>De</span> <span class='ocrx_word' id='word_1_3' title='bbox 626 411 964 486; x_wconf 72' lang='lat' dir='ltr'>Ooajroternitotibas</span> <span class='ocrx_word' id='word_1_4' title='bbox 977 415 1219 475; x_wconf 73' lang='lat' dir='ltr'>Ecclesiasticc&#39;s</span> 
     </span>
    </p>
   </div>
   <div class='ocr_carea' id='block_1_2' title="bbox 293 607 1495 2527">
    <p class='ocr_par' dir='ltr' id='par_1_2' title="bbox 293 607 1492 978">
     <span class='ocr_line' id='line_1_2' title="bbox 337 607 1492 693; baseline 0.006 -24"><span class='ocrx_word' id='word_1_5' title='bbox 337 608 532 687; x_wconf 91' lang='lat' dir='ltr'>Propositio</span> <span class='ocrx_word' id='word_1_6' title='bbox 547 609 724 672; x_wconf 58' lang='lat' dir='ltr'>lla-Nec</span> <span class='ocrx_word' id='word_1_7' title='bbox 741 607 1064 688; x_wconf 81' lang='lat' dir='ltr'>Confraternitates‚</span> <span class='ocrx_word' id='word_1_8' title='bbox 1080 630 1141 675; x_wconf 92' lang='lat' dir='ltr'>nec</span> <span class='ocrx_word' id='word_1_9' title='bbox 1155 631 1273 675; x_wconf 89' lang='lat' dir='ltr'>earum</span> <span class='ocrx_word' id='word_1_10' title='bbox 1287 613 1492 693; x_wconf 68' lang='lat' dir='ltr'>cappellani</span> 
     </span>
     <span class='ocr_line' id='line_1_3' title="bbox 294 710 1492 793; baseline 0.005 -21"><span class='ocrx_word' id='word_1_11' title='bbox 294 715 447 790; x_wconf 79' lang='lat' dir='ltr'>possunt,</span> <span class='ocrx_word' id='word_1_12' title='bbox 463 710 572 773; x_wconf 86' lang='lat' dir='ltr'>invito</span> <span class='ocrx_word' id='word_1_13' title='bbox 587 713 750 791; x_wconf 90' lang='lat' dir='ltr'>Parocho,</span> <span class='ocrx_word' id='word_1_14' title='bbox 766 729 838 774; x_wconf 86' lang='lat' dir='ltr'>sose</span> <span class='ocrx_word' id='word_1_15' title='bbox 852 713 1042 776; x_wconf 81' lang='lat' dir='ltr'>immiscere</span> <span class='ocrx_word' id='word_1_16' title='bbox 1055 715 1093 774; x_wconf 93' lang='lat' dir='ltr'>in</span> <span class='ocrx_word' id='word_1_17' title='bbox 1107 715 1269 778; x_wconf 88' lang='lat' dir='ltr'>ecclesiae</span> <span class='ocrx_word' id='word_1_18' title='bbox 1283 716 1492 793; x_wconf 89' lang='lat' dir='ltr'>parochialis</span> 
     </span>
     <span class='ocr_line' id='line_1_4' title="bbox 293 813 1492 897; baseline 0.006 -24"><span class='ocrx_word' id='word_1_19' title='bbox 293 813 539 891; x_wconf 81' lang='lat' dir='ltr'>functionibus,</span> <span class='ocrx_word' id='word_1_20' title='bbox 559 813 630 876; x_wconf 84' lang='lat' dir='ltr'>sive</span> <span class='ocrx_word' id='word_1_21' title='bbox 648 815 902 893; x_wconf 77' lang='lat' dir='ltr'>parochialibus</span> <span class='ocrx_word' id='word_1_22' title='bbox 921 815 992 878; x_wconf 84' lang='lat' dir='ltr'>sive</span> <span class='ocrx_word' id='word_1_23' title='bbox 1010 833 1079 877; x_wconf 93' lang='lat' dir='ltr'>non</span> <span class='ocrx_word' id='word_1_24' title='bbox 1095 817 1360 895; x_wconf 75' lang='lat' dir='ltr'>parochialibus.</span> <span class='ocrx_word' id='word_1_25' title='bbox 1391 819 1492 897; x_wconf 88' lang='lat' dir='ltr'>Resp.</span> 
     </span>
     <span class='ocr_line' id='line_1_5' title="bbox 294 915 505 978; baseline 0 -1"><span class='ocrx_word' id='word_1_26' title='bbox 294 916 348 977; x_wconf 90' lang='lat' dir='ltr'>ad.</span> <span class='ocrx_word' id='word_1_27' title='bbox 363 915 441 977; x_wconf 87' lang='lat' dir='ltr'>dub.</span> <span class='ocrx_word' id='word_1_28' title='bbox 454 915 505 978; x_wconf 85' lang='grc'>29.</span> 
     </span>
    </p>

    <p class='ocr_par' dir='ltr' id='par_1_3' title="bbox 294 1017 1494 1403">
     <span class='ocr_line' id='line_1_6' title="bbox 338 1017 1492 1104; baseline 0.005 -28"><span class='ocrx_word' id='word_1_29' title='bbox 338 1018 533 1096; x_wconf 88' lang='lat' dir='ltr'>Propositio</span> <span class='ocrx_word' id='word_1_30' title='bbox 553 1017 975 1104; x_wconf 59' lang='lat' dir='ltr'>15⁰.7—Gonfraternitates</span> <span class='ocrx_word' id='word_1_31' title='bbox 994 1020 1064 1082; x_wconf 86' lang='lat' dir='ltr'>sive</span> <span class='ocrx_word' id='word_1_32' title='bbox 1083 1020 1120 1080; x_wconf 93' lang='lat' dir='ltr'>in</span> <span class='ocrx_word' id='word_1_33' title='bbox 1139 1020 1281 1082; x_wconf 90' lang='lat' dir='ltr'>ecclesia</span> <span class='ocrx_word' id='word_1_34' title='bbox 1302 1021 1492 1099; x_wconf 82' lang='lat' dir='ltr'>parochiali</span> 
     </span>
     <span class='ocr_line' id='line_1_7' title="bbox 294 1119 1492 1201; baseline 0.003 -20"><span class='ocrx_word' id='word_1_35' title='bbox 294 1123 426 1182; x_wconf 79' lang='lat' dir='ltr'>erectae</span> <span class='ocrx_word' id='word_1_36' title='bbox 438 1119 509 1182; x_wconf 84' lang='lat' dir='ltr'>sive</span> <span class='ocrx_word' id='word_1_37' title='bbox 521 1119 615 1198; x_wconf 88' lang='lat' dir='ltr'>alibi,</span> <span class='ocrx_word' id='word_1_38' title='bbox 628 1123 783 1198; x_wconf 87' lang='lat' dir='ltr'>possunt,</span> <span class='ocrx_word' id='word_1_39' title='bbox 795 1121 921 1198; x_wconf 81' lang='lat' dir='ltr'>absque</span> <span class='ocrx_word' id='word_1_40' title='bbox 932 1121 1129 1184; x_wconf 88' lang='lat' dir='ltr'>interventu</span> <span class='ocrx_word' id='word_1_41' title='bbox 1140 1121 1281 1201; x_wconf 87' lang='lat' dir='ltr'>parochi</span> <span class='ocrx_word' id='word_1_42' title='bbox 1293 1127 1328 1185; x_wconf 88' lang='lat' dir='ltr'>et</span> <span class='ocrx_word' id='word_1_43' title='bbox 1340 1123 1492 1199; x_wconf 85' lang='lat' dir='ltr'>licentia,</span> 
     </span>
     <span class='ocr_line' id='line_1_8' title="bbox 296 1222 1494 1304; baseline 0.003 -22"><span class='ocrx_word' id='word_1_44' title='bbox 296 1239 376 1283; x_wconf 78' lang='lat' dir='ltr'>ruas</span> <span class='ocrx_word' id='word_1_45' title='bbox 395 1222 674 1300; x_wconf 84' lang='lat' dir='ltr'>congregationes</span> <span class='ocrx_word' id='word_1_46' title='bbox 691 1223 824 1300; x_wconf 89' lang='lat' dir='ltr'>habere,</span> <span class='ocrx_word' id='word_1_47' title='bbox 843 1223 1024 1285; x_wconf 92' lang='lat' dir='ltr'>dummodo</span> <span class='ocrx_word' id='word_1_48' title='bbox 1044 1241 1113 1284; x_wconf 91' lang='lat' dir='ltr'>non</span> <span class='ocrx_word' id='word_1_49' title='bbox 1130 1224 1321 1300; x_wconf 83' lang='lat' dir='ltr'>impediant</span> <span class='ocrx_word' id='word_1_50' title='bbox 1341 1225 1494 1304; x_wconf 89' lang='lat' dir='ltr'>parocbi-</span> 
     </span>
     <span class='ocr_line' id='line_1_9' title="bbox 295 1323 1428 1403; baseline 0.003 -19"><span class='ocrx_word' id='word_1_51' title='bbox 295 1324 362 1385; x_wconf 89' lang='lat' dir='ltr'>alis</span> <span class='ocrx_word' id='word_1_52' title='bbox 377 1323 539 1386; x_wconf 90' lang='lat' dir='ltr'>ecclesiae</span> <span class='ocrx_word' id='word_1_53' title='bbox 554 1324 748 1386; x_wconf 82' lang='lat' dir='ltr'>functiones</span> <span class='ocrx_word' id='word_1_54' title='bbox 764 1329 799 1387; x_wconf 89' lang='lat' dir='ltr'>et</span> <span class='ocrx_word' id='word_1_55' title='bbox 815 1325 933 1386; x_wconf 88' lang='lat' dir='ltr'>divina</span> <span class='ocrx_word' id='word_1_56' title='bbox 949 1324 1066 1386; x_wconf 87' lang='lat' dir='ltr'>officia.</span> <span class='ocrx_word' id='word_1_57' title='bbox 1105 1327 1205 1403; x_wconf 78' lang='lat' dir='ltr'>Resp.</span> <span class='ocrx_word' id='word_1_58' title='bbox 1221 1328 1266 1388; x_wconf 92' lang='lat' dir='ltr'>ad</span> <span class='ocrx_word' id='word_1_59' title='bbox 1283 1327 1361 1389; x_wconf 91' lang='lat' dir='ltr'>dub.</span> <span class='ocrx_word' id='word_1_60' title='bbox 1378 1327 1428 1388; x_wconf 89' lang='lat'>31.</span> 
     </span>
    </p>

    <p class='ocr_par' dir='ltr' id='par_1_4' title="bbox 295 1425 1493 1714">
     <span class='ocr_line' id='line_1_10' title="bbox 338 1425 1493 1505; baseline 0.007 -21"><span class='ocrx_word' id='word_1_61' title='bbox 338 1425 533 1504; x_wconf 90' lang='lat' dir='ltr'>Propositio</span> <span class='ocrx_word' id='word_1_62' title='bbox 555 1426 813 1488; x_wconf 54' lang='lat' dir='ltr'>Ida—Possunt</span> <span class='ocrx_word' id='word_1_63' title='bbox 832 1425 1146 1490; x_wconf 82' lang='lat' dir='ltr'>Ooniraternitates</span> <span class='ocrx_word' id='word_1_64' title='bbox 1166 1429 1307 1505; x_wconf 88' lang='lat' dir='ltr'>propria</span> <span class='ocrx_word' id='word_1_65' title='bbox 1328 1430 1417 1491; x_wconf 87' lang='lat' dir='ltr'>bona</span> <span class='ocrx_word' id='word_1_66' title='bbox 1437 1430 1493 1492; x_wconf 91' lang='lat' dir='ltr'>ad·</span> 
     </span>
     <span class='ocr_line' id='line_1_11' title="bbox 295 1527 1493 1608; baseline 0.003 -21"><span class='ocrx_word' id='word_1_67' title='bbox 295 1527 502 1605; x_wconf 85' lang='lat' dir='ltr'>ministrare,</span> <span class='ocrx_word' id='word_1_68' title='bbox 535 1544 575 1590; x_wconf 94' lang='lat' dir='ltr'>ac</span> <span class='ocrx_word' id='word_1_69' title='bbox 610 1529 652 1590; x_wconf 94' lang='lat' dir='ltr'>de</span> <span class='ocrx_word' id='word_1_70' title='bbox 684 1528 757 1590; x_wconf 90' lang='lat' dir='ltr'>illis</span> <span class='ocrx_word' id='word_1_71' title='bbox 792 1529 981 1606; x_wconf 88' lang='lat' dir='ltr'>disponere,</span> <span class='ocrx_word' id='word_1_72' title='bbox 1016 1531 1142 1608; x_wconf 88' lang='lat' dir='ltr'>absque</span> <span class='ocrx_word' id='word_1_73' title='bbox 1176 1530 1249 1592; x_wconf 90' lang='lat' dir='ltr'>ulla</span> <span class='ocrx_word' id='word_1_74' title='bbox 1284 1548 1305 1593; x_wconf 99' lang='lat' dir='ltr'>a</span> <span class='ocrx_word' id='word_1_75' title='bbox 1339 1531 1493 1593; x_wconf 90' lang='lat' dir='ltr'>Parocho</span> 
     </span>
     <span class='ocr_line' id='line_1_12' title="bbox 295 1629 904 1714; baseline 0.003 -24"><span class='ocrx_word' id='word_1_76' title='bbox 295 1629 530 1714; x_wconf 84' lang='lat' dir='ltr'>dependentia.</span> <span class='ocrx_word' id='word_1_77' title='bbox 571 1631 671 1709; x_wconf 86' lang='lat' dir='ltr'>Resp.</span> <span class='ocrx_word' id='word_1_78' title='bbox 692 1631 736 1693; x_wconf 89' lang='lat' dir='ltr'>ad</span> <span class='ocrx_word' id='word_1_79' title='bbox 755 1632 834 1693; x_wconf 92' lang='lat' dir='ltr'>dub.</span> <span class='ocrx_word' id='word_1_80' title='bbox 854 1631 904 1692; x_wconf 87' lang='lat'>31.</span> 
     </span>
    </p>

    <p class='ocr_par' dir='ltr' id='par_1_5' title="bbox 294 1732 1494 2328">
     <span class='ocr_line' id='line_1_13' title="bbox 338 1732 1493 1810; baseline 0.003 -20"><span class='ocrx_word' id='word_1_81' title='bbox 338 1732 533 1810; x_wconf 90' lang='lat' dir='ltr'>Propositio</span> <span class='ocrx_word' id='word_1_82' title='bbox 559 1733 783 1794; x_wconf 55' lang='lat' dir='ltr'>lia—Etiam</span> <span class='ocrx_word' id='word_1_83' title='bbox 807 1733 837 1794; x_wconf 81' lang='lat' dir='ltr'>si</span> <span class='ocrx_word' id='word_1_84' title='bbox 862 1733 1036 1795; x_wconf 89' lang='lat' dir='ltr'>Parochus</span> <span class='ocrx_word' id='word_1_85' title='bbox 1060 1732 1395 1796; x_wconf 84' lang='lat' dir='ltr'>Ooniraternitatum</span> <span class='ocrx_word' id='word_1_86' title='bbox 1419 1752 1493 1796; x_wconf 92' lang='lat' dir='ltr'>con-</span> 
     </span>
     <span class='ocr_line' id='line_1_14' title="bbox 294 1833 1493 1916; baseline 0.003 -21"><span class='ocrx_word' id='word_1_87' title='bbox 294 1833 550 1916; x_wconf 85' lang='lat' dir='ltr'>gregationibus</span> <span class='ocrx_word' id='word_1_88' title='bbox 568 1833 708 1896; x_wconf 89' lang='lat' dir='ltr'>intersit</span> <span class='ocrx_word' id='word_1_89' title='bbox 725 1836 767 1896; x_wconf 93' lang='lat' dir='ltr'>de</span> <span class='ocrx_word' id='word_1_90' title='bbox 785 1836 947 1897; x_wconf 86' lang='lat' dir='ltr'>mandato</span> <span class='ocrx_word' id='word_1_91' title='bbox 965 1835 1154 1913; x_wconf 89' lang='lat' dir='ltr'>Ordinarii‚</span> <span class='ocrx_word' id='word_1_92' title='bbox 1172 1839 1207 1898; x_wconf 87' lang='lat' dir='ltr'>et</span> <span class='ocrx_word' id='word_1_93' title='bbox 1224 1840 1400 1916; x_wconf 88' lang='lat' dir='ltr'>tamquam</span> <span class='ocrx_word' id='word_1_94' title='bbox 1418 1837 1493 1914; x_wconf 87' lang='lat' dir='ltr'>ejus</span> 
     </span>
     <span class='ocr_line' id='line_1_15' title="bbox 296 1925 1493 2017; baseline 0.001 -20"><span class='ocrx_word' id='word_1_95' title='bbox 296 1925 483 2014; x_wconf 84' lang='lat' dir='ltr'>delegatus,</span> <span class='ocrx_word' id='word_1_96' title='bbox 502 1937 691 1998; x_wconf 89' lang='lat' dir='ltr'>nonhabet</span> <span class='ocrx_word' id='word_1_97' title='bbox 710 1935 912 2014; x_wconf 83' lang='lat' dir='ltr'>suffragium</span> <span class='ocrx_word' id='word_1_98' title='bbox 930 1937 1125 1999; x_wconf 88' lang='lat' dir='ltr'>decisivum.</span> <span class='ocrx_word' id='word_1_99' title='bbox 1164 1939 1264 2017; x_wconf 78' lang='lat' dir='ltr'>Rerp.</span> <span class='ocrx_word' id='word_1_100' title='bbox 1283 1939 1327 2000; x_wconf 93' lang='lat' dir='ltr'>ad</span> <span class='ocrx_word' id='word_1_101' title='bbox 1345 1940 1423 2000; x_wconf 90' lang='lat' dir='ltr'>dub.</span> <span class='ocrx_word' id='word_1_102' title='bbox 1442 1938 1493 1999; x_wconf 83' lang='lat'>32.</span> 
     </span>
     <span class='ocr_line' id='line_1_16' title="bbox 294 2029 1493 2118; baseline 0.003 -20"><span class='ocrx_word' id='word_1_103' title='bbox 294 2029 295 2032; x_wconf 62' lang='grc'>’</span> <span class='ocrx_word' id='word_1_104' title='bbox 337 2038 431 2100; x_wconf 92' lang='lat' dir='ltr'>Istae</span> <span class='ocrx_word' id='word_1_105' title='bbox 451 2041 533 2099; x_wconf 89' lang='lat' dir='ltr'>sunt</span> <span class='ocrx_word' id='word_1_106' title='bbox 553 2039 692 2116; x_wconf 86' lang='lat' dir='ltr'>regulae</span> <span class='ocrx_word' id='word_1_107' title='bbox 712 2056 799 2118; x_wconf 91' lang='lat' dir='ltr'>quae</span> <span class='ocrx_word' id='word_1_108' title='bbox 819 2039 1016 2102; x_wconf 85' lang='lat' dir='ltr'>summatim</span> <span class='ocrx_word' id='word_1_109' title='bbox 1037 2039 1229 2103; x_wconf 89' lang='lat' dir='ltr'>delineatae</span> <span class='ocrx_word' id='word_1_110' title='bbox 1250 2044 1332 2103; x_wconf 92' lang='lat' dir='ltr'>sunt</span> <span class='ocrx_word' id='word_1_111' title='bbox 1353 2058 1375 2102; x_wconf 91' lang='lat' dir='ltr'>a</span> <span class='ocrx_word' id='word_1_112' title='bbox 1397 2040 1430 2102; x_wconf 76' lang='lat' dir='ltr'>S.</span> <span class='ocrx_word' id='word_1_113' title='bbox 1452 2041 1493 2102; x_wconf 89' lang='lat' dir='ltr'>R.</span> 
     </span>
     <span class='ocr_line' id='line_1_17' title="bbox 296 2139 1494 2230; baseline 0.001 -29"><span class='ocrx_word' id='word_1_114' title='bbox 296 2139 566 2230; x_wconf 72' lang='lat' dir='ltr'>congregatione</span> <span class='ocrx_word' id='word_1_115' title='bbox 588 2142 633 2203; x_wconf 88' lang='lat' dir='ltr'>ad</span> <span class='ocrx_word' id='word_1_116' title='bbox 656 2141 897 2219; x_wconf 92' lang='lat' dir='ltr'>imponendum</span> <span class='ocrx_word' id='word_1_117' title='bbox 920 2141 1020 2203; x_wconf 89' lang='lat' dir='ltr'>finem</span> <span class='ocrx_word' id='word_1_118' title='bbox 1045 2142 1287 2204; x_wconf 88' lang='lat' dir='ltr'>controversiis</span> <span class='ocrx_word' id='word_1_119' title='bbox 1311 2159 1398 2221; x_wconf 90' lang='lat' dir='ltr'>quae</span> <span class='ocrx_word' id='word_1_120' title='bbox 1421 2142 1494 2203; x_wconf 90' lang='lat' dir='ltr'>illis</span> 
     </span>
     <span class='ocr_line' id='line_1_18' title="bbox 295 2242 1494 2328; baseline 0.001 -24"><span class='ocrx_word' id='word_1_121' title='bbox 295 2243 504 2328; x_wconf 83' lang='lat' dir='ltr'>temporibus</span> <span class='ocrx_word' id='word_1_122' title='bbox 518 2242 684 2322; x_wconf 89' lang='lat' dir='ltr'>parochos</span> <span class='ocrx_word' id='word_1_123' title='bbox 699 2243 791 2316; x_wconf 89' lang='lat' dir='ltr'>inter</span> <span class='ocrx_word' id='word_1_124' title='bbox 805 2248 840 2306; x_wconf 89' lang='lat' dir='ltr'>et</span> <span class='ocrx_word' id='word_1_125' title='bbox 856 2243 1169 2306; x_wconf 76' lang='lat' dir='ltr'>Confraternitates</span> <span class='ocrx_word' id='word_1_126' title='bbox 1184 2244 1312 2321; x_wconf 87' lang='lat' dir='ltr'>agitari</span> <span class='ocrx_word' id='word_1_127' title='bbox 1328 2245 1494 2306; x_wconf 88' lang='lat' dir='ltr'>solebant.</span> 
     </span>
    </p>

    <p class='ocr_par' dir='ltr' id='par_1_6' title="bbox 296 2333 1495 2527">
     <span class='ocr_line' id='line_1_19' title="bbox 337 2333 1495 2425; baseline 0.001 -19"><span class='ocrx_word' id='word_1_128' title='bbox 337 2345 534 2412; x_wconf 88' lang='lat' dir='ltr'>Notandum</span> <span class='ocrx_word' id='word_1_129' title='bbox 549 2348 602 2408; x_wconf 90' lang='lat' dir='ltr'>est</span> <span class='ocrx_word' id='word_1_130' title='bbox 618 2349 743 2424; x_wconf 91' lang='lat' dir='ltr'>antem,</span> <span class='ocrx_word' id='word_1_131' title='bbox 760 2347 850 2424; x_wconf 92' lang='lat' dir='ltr'>quod</span> <span class='ocrx_word' id='word_1_132' title='bbox 866 2333 955 2408; x_wconf 70' lang='lat' dir='ltr'>isiae</span> <span class='ocrx_word' id='word_1_133' title='bbox 972 2346 1109 2425; x_wconf 85' lang='lat' dir='ltr'>regulae</span> <span class='ocrx_word' id='word_1_134' title='bbox 1124 2363 1193 2407; x_wconf 92' lang='lat' dir='ltr'>non</span> <span class='ocrx_word' id='word_1_135' title='bbox 1209 2350 1291 2408; x_wconf 85' lang='lat' dir='ltr'>sunt</span> <span class='ocrx_word' id='word_1_136' title='bbox 1307 2346 1495 2422; x_wconf 81' lang='lat' dir='ltr'>taxativae,</span> 
     </span>
     <span class='ocr_line' id='line_1_20' title="bbox 296 2438 1495 2527; baseline 0.001 -19"><span class='ocrx_word' id='word_1_137' title='bbox 296 2449 355 2522; x_wconf 92' lang='lat' dir='ltr'>sed</span> <span class='ocrx_word' id='word_1_138' title='bbox 372 2450 509 2508; x_wconf 90' lang='lat' dir='ltr'>tantum</span> <span class='ocrx_word' id='word_1_139' title='bbox 527 2447 718 2525; x_wconf 82' lang='lat' dir='ltr'>generales3</span> <span class='ocrx_word' id='word_1_140' title='bbox 739 2438 818 2509; x_wconf 90' lang='lat' dir='ltr'>nam</span> <span class='ocrx_word' id='word_1_141' title='bbox 836 2448 953 2525; x_wconf 89' lang='lat' dir='ltr'>aliqua</span> <span class='ocrx_word' id='word_1_142' title='bbox 970 2448 1008 2508; x_wconf 93' lang='lat' dir='ltr'>in</span> <span class='ocrx_word' id='word_1_143' title='bbox 1026 2447 1170 2510; x_wconf 91' lang='lat' dir='ltr'>dioecesi</span> <span class='ocrx_word' id='word_1_144' title='bbox 1190 2448 1336 2510; x_wconf 89' lang='lat' dir='ltr'>existere</span> <span class='ocrx_word' id='word_1_145' title='bbox 1354 2451 1495 2527; x_wconf 88' lang='lat' dir='ltr'>possent</span> 
     </span>
    </p>
   </div>
   <div class='ocr_carea' id='block_1_3' title="bbox 199 2549 1495 2638">
    <p class='ocr_par' dir='ltr' id='par_1_7' title="bbox 199 2549 1495 2638">
     <span class='ocr_line' id='line_1_21' title="bbox 199 2549 1495 2638; baseline -0.002 -26"><span class='ocrx_word' id='word_1_146' title='bbox 199 2630 205 2638; x_wconf 18' lang='grc' dir='ltr'>Ι,</span> <span class='ocrx_word' id='word_1_147' title='bbox 295 2551 431 2612; x_wconf 89' lang='lat' dir='ltr'>decreta</span> <span class='ocrx_word' id='word_1_148' title='bbox 451 2549 631 2628; x_wconf 85' lang='lat' dir='ltr'>synodalia</span> <span class='ocrx_word' id='word_1_149' title='bbox 651 2551 705 2612; x_wconf 85' lang='lat' dir='ltr'>vel</span> <span class='ocrx_word' id='word_1_150' title='bbox 726 2550 998 2628; x_wconf 85' lang='lat' dir='ltr'>consuetudines,</span> <span class='ocrx_word' id='word_1_151' title='bbox 1020 2567 1116 2628; x_wconf 87' lang='lat' dir='ltr'>quae,</span> <span class='ocrx_word' id='word_1_152' title='bbox 1138 2549 1292 2628; x_wconf 87' lang='lat' dir='ltr'>quamvis</span> <span class='ocrx_word' id='word_1_153' title='bbox 1314 2549 1495 2628; x_wconf 88' lang='lat' dir='ltr'>inaperta</span> 
     </span>
    </p>
   </div>
   <div class='ocr_carea' id='block_1_4' title="bbox 296 2651 1495 3242">
    <p class='ocr_par' dir='ltr' id='par_1_8' title="bbox 296 2651 1495 3242">
     <span class='ocr_line' id='line_1_22' title="bbox 297 2651 1493 2729; baseline -0.003 -15"><span class='ocrx_word' id='word_1_154' title='bbox 297 2652 568 2722; x_wconf 83' lang='lat' dir='ltr'>contradictione</span> <span class='ocrx_word' id='word_1_155' title='bbox 585 2669 661 2714; x_wconf 92' lang='lat' dir='ltr'>cum</span> <span class='ocrx_word' id='word_1_156' title='bbox 679 2651 797 2713; x_wconf 87' lang='lat' dir='ltr'>citatis</span> <span class='ocrx_word' id='word_1_157' title='bbox 814 2651 961 2713; x_wconf 80' lang='lat' dir='ltr'>decretis</span> <span class='ocrx_word' id='word_1_158' title='bbox 978 2652 1103 2729; x_wconf 84' lang='lat' dir='ltr'>forent,</span> <span class='ocrx_word' id='word_1_159' title='bbox 1120 2655 1235 2714; x_wconf 80' lang='lat' dir='ltr'>essent</span> <span class='ocrx_word' id='word_1_160' title='bbox 1251 2655 1367 2714; x_wconf 90' lang='lat' dir='ltr'>tamen</span> <span class='ocrx_word' id='word_1_161' title='bbox 1384 2653 1493 2713; x_wconf 92' lang='lat' dir='ltr'>obser·</span> 
     </span>
     <span class='ocr_line' id='line_1_23' title="bbox 297 2753 1494 2831; baseline 0.002 -17"><span class='ocrx_word' id='word_1_162' title='bbox 297 2756 437 2831; x_wconf 75' lang='lat' dir='ltr'>vandae,</span> <span class='ocrx_word' id='word_1_163' title='bbox 451 2755 567 2816; x_wconf 90' lang='lat' dir='ltr'>eodem</span> <span class='ocrx_word' id='word_1_164' title='bbox 582 2755 681 2816; x_wconf 90' lang='lat' dir='ltr'>modo</span> <span class='ocrx_word' id='word_1_165' title='bbox 696 2771 736 2815; x_wconf 90' lang='lat' dir='ltr'>ac</span> <span class='ocrx_word' id='word_1_166' title='bbox 750 2753 980 2815; x_wconf 89' lang='lat' dir='ltr'>observandae</span> <span class='ocrx_word' id='word_1_167' title='bbox 994 2754 1109 2815; x_wconf 79' lang='lat' dir='ltr'>forent</span> <span class='ocrx_word' id='word_1_168' title='bbox 1123 2754 1385 2816; x_wconf 87' lang='lat' dir='ltr'>Ordinariorum</span> <span class='ocrx_word' id='word_1_169' title='bbox 1400 2771 1494 2831; x_wconf 80' lang='lat' dir='ltr'>prae</span> 
     </span>
     <span class='ocr_line' id='line_1_24' title="bbox 296 2840 1493 2935; baseline 0.001 -19"><span class='ocrx_word' id='word_1_170' title='bbox 296 2855 509 2934; x_wconf 77' lang='lat' dir='ltr'>scriptiones,</span> <span class='ocrx_word' id='word_1_171' title='bbox 537 2846 623 2934; x_wconf 90' lang='lat' dir='ltr'>quas</span> <span class='ocrx_word' id='word_1_172' title='bbox 649 2856 718 2932; x_wconf 89' lang='lat' dir='ltr'>ipsi</span> <span class='ocrx_word' id='word_1_173' title='bbox 745 2873 808 2935; x_wconf 89' lang='lat' dir='ltr'>pro</span> <span class='ocrx_word' id='word_1_174' title='bbox 833 2840 922 2917; x_wconf 88' lang='lat' dir='ltr'>bono</span> <span class='ocrx_word' id='word_1_175' title='bbox 949 2855 1113 2933; x_wconf 91' lang='lat' dir='ltr'>regimine</span> <span class='ocrx_word' id='word_1_176' title='bbox 1140 2855 1303 2918; x_wconf 90' lang='lat' dir='ltr'>dioecesis</span> <span class='ocrx_word' id='word_1_177' title='bbox 1329 2856 1493 2932; x_wconf 82' lang='lat' dir='ltr'>facerent,</span> 
     </span>
     <span class='ocr_line' id='line_1_25' title="bbox 298 2958 1493 3036; baseline -0.003 -16"><span class='ocrx_word' id='word_1_178' title='bbox 298 2960 517 3021; x_wconf 90' lang='lat' dir='ltr'>decernentes</span> <span class='ocrx_word' id='word_1_179' title='bbox 534 2959 613 3036; x_wconf 78' lang='lat' dir='ltr'>Jura</span> <span class='ocrx_word' id='word_1_180' title='bbox 630 2962 665 3020; x_wconf 94' lang='lat' dir='ltr'>et</span> <span class='ocrx_word' id='word_1_181' title='bbox 684 2959 900 3036; x_wconf 89' lang='lat' dir='ltr'>quaestiones</span> <span class='ocrx_word' id='word_1_182' title='bbox 917 2958 1083 3035; x_wconf 89' lang='lat' dir='ltr'>parochos</span> <span class='ocrx_word' id='word_1_183' title='bbox 1100 2958 1192 3020; x_wconf 88' lang='lat' dir='ltr'>inter</span> <span class='ocrx_word' id='word_1_184' title='bbox 1209 2961 1244 3020; x_wconf 89' lang='lat' dir='ltr'>et</span> <span class='ocrx_word' id='word_1_185' title='bbox 1261 2958 1493 3020; x_wconf 76' lang='lat' dir='ltr'>Confraterni·</span> 
     </span>
     <span class='ocr_line' id='line_1_26' title="bbox 298 3056 1495 3149; baseline -0.001 -28"><span class='ocrx_word' id='word_1_186' title='bbox 298 3056 400 3138; x_wconf 87' lang='lat' dir='ltr'>tates,</span> <span class='ocrx_word' id='word_1_187' title='bbox 424 3061 589 3149; x_wconf 88' lang='lat' dir='ltr'>parochos</span> <span class='ocrx_word' id='word_1_188' title='bbox 615 3060 708 3122; x_wconf 89' lang='lat' dir='ltr'>inter</span> <span class='ocrx_word' id='word_1_189' title='bbox 731 3065 766 3122; x_wconf 88' lang='lat' dir='ltr'>et</span> <span class='ocrx_word' id='word_1_190' title='bbox 792 3060 1010 3138; x_wconf 75' lang='lat' dir='ltr'>cappellano·</span> <span class='ocrx_word' id='word_1_191' title='bbox 1035 3077 1075 3121; x_wconf 89' lang='lat' dir='ltr'>ac</span> <span class='ocrx_word' id='word_1_192' title='bbox 1100 3063 1249 3122; x_wconf 85' lang='lat' dir='ltr'>rectores</span> <span class='ocrx_word' id='word_1_193' title='bbox 1274 3060 1495 3122; x_wconf 88' lang='lat' dir='ltr'>ecclesiarum</span> 
     </span>
     <span class='ocr_line' id='line_1_27' title="bbox 296 3154 1042 3242; baseline 0.001 -21"><span class='ocrx_word' id='word_1_194' title='bbox 296 3160 391 3223; x_wconf 88' lang='lat' dir='ltr'>intra</span> <span class='ocrx_word' id='word_1_195' title='bbox 408 3154 536 3224; x_wconf 84' lang='lat' dir='ltr'>limites</span> <span class='ocrx_word' id='word_1_196' title='bbox 554 3164 794 3242; x_wconf 90' lang='lat' dir='ltr'>parochiarum</span> <span class='ocrx_word' id='word_1_197' title='bbox 812 3162 1042 3225; x_wconf 87' lang='lat' dir='ltr'>existentium.</span> 
     </span>
    </p>
   </div>
   <div class='ocr_carea' id='block_1_5' title="bbox 0 0 1680 5166">
    <p class='ocr_par' dir='ltr' id='par_1_9' title="bbox 0 0 1680 5166">
     <span class='ocr_line' id='line_1_28' title="bbox 0 0 1680 5166; baseline 0 0"><span class='ocrx_word' id='word_1_198' title='bbox 0 0 1680 5166; x_wconf 95' lang='lat' dir='ltr'> </span> 
     </span>
    </p>
   </div>
  </div>
 </body>
</html>
