3336 5166
225 405 264 464 88
482 405 532 466 De
551 405 890 479 Ooutroteraitofibao
905 407 1149 468 Ecclesiasticis

226 617 267 666 ac
280 601 578 682 communicantia,
590 621 651 667 seu
663 604 1075 670 Arabiconfraternitates
1088 609 1124 670 et
1136 607 1426 687 congregationes

226 708 451 784 aggregantes
476 708 549 768 tam
571 705 693 770 Almae
717 707 821 770 Urbis
843 712 984 770 nostrae
1008 725 1110 787 quam
1136 709 1285 772 aliarum
1311 710 1426 772 civita·

226 809 311 886 turn,
328 809 364 869 et
379 808 532 868 locorum
548 823 835 886 quorumcumque
850 809 953 888 juxta
970 811 1107 872 modum
1125 827 1146 872 a
1163 811 1303 874 Vicario
1322 810 1426 874 Urbis

225 912 261 972 et
276 909 320 972 ab
336 908 532 971 ordinariis
547 910 699 971 locorum
716 910 903 989 respective
919 911 1230 990 praescribendum,
1248 913 1427 976 observare

226 1014 420 1075 teneantur.
476 1011 717 1090 Eleemosynae
752 1012 801 1074 sic
836 1013 997 1076 collectas
1031 1013 1070 1074 in
1104 1013 1356 1092 reparationem
1391 1016 1427 1077 et

226 1117 387 1175 ornatum
413 1113 656 1192 Ecclesiam,
684 1117 757 1176 tam
784 1113 963 1194 Ordinem,
991 1113 1218 1194 Religionum,
1245 1113 1425 1176 instituto

226 1233 312 1293 rum,
331 1215 546 1294 erigentium,
564 1216 823 1278 instituentium
840 1219 877 1278 et
895 1217 1230 1296 communicantium,
1249 1234 1289 1280 ac
1309 1214 1426 1278 Archi·

225 1303 553 1380 confraternitatum
575 1321 610 1381 et
634 1317 944 1397 congregationum
967 1319 1206 1398 erigendarum
1229 1324 1265 1383 et
1288 1320 1426 1382 institu-

225 1420 391 1482 endarum
410 1423 445 1482 et
465 1419 588 1499 quibus
607 1419 931 1482 communicationes
950 1421 1044 1499 fient,
1063 1425 1127 1483 aut
1143 1421 1182 1482 in
1201 1420 1288 1484 alios
1307 1439 1425 1485 earum

226 1521 302 1601 pios
329 1539 423 1600 usus,
451 1522 597 1584 arbitrio
624 1521 775 1600 ejusdem
802 1522 935 1584 Vicarii
962 1522 1074 1584 nostri
1100 1522 1139 1584 in
1166 1522 1267 1601 Urbe,
1295 1539 1426 1586 necnon

226 1623 489 1686 Ordinariorum
522 1623 674 1685 locorum
708 1624 895 1701 respective
929 1623 1077 1686 fideliter
1111 1641 1287 1704 exponere,
1323 1629 1426 1704 atque

225 1739 366 1804 erogare
382 1724 597 1805 procurent.'’

267 1829 345 1890 Non
363 1830 478 1906 potest
496 1830 611 1889 tamen
629 1826 821 1906 Episcopus
839 1843 913 1889 sese
930 1827 1087 1905 ingerere
1100 1827 1323 1890 inhonorum
1343 1827 1426 1890 Gon·

225 1929 488 1991 fraternitatum
509 1927 855 2006 administrationem,
876 1946 957 1992 nam
978 1928 1085 1991 Sacra
1106 1929 1333 2007 congregatio
1353 1929 1424 1992 EE.

226 2035 261 2093 et
274 2030 345 2092 ER.
359 2032 397 2092 in
411 2030 639 2093 OasteUanen.
655 2030 696 2092 14
709 2029 910 2092 Novembris
925 2030 1008 2092 1603
1021 2030 1226 2093 declaravit:
1265 2030 1425 2094 “Confra-

225 2133 409 2195 ternitates
421 2135 566 2211 possunt
578 2148 718 2210 erogare
729 2134 764 2194 et
776 2132 970 2210 impendere
982 2131 1425 2212 reddituscteleemosynas

225 2234 353 2314 absque
372 2233 514 2297 licentia
537 2232 710 2312 Episcopi,
733 2233 792 2312 qui
814 2251 884 2294 ooo
904 2234 1003 2295 debet
1026 2251 1062 2295 se
1084 2233 1238 2312 inperare
1261 2235 1300 2295 ta
1322 2233 1425 2295 odad-

227 2338 445 2414 m'strotione,
471 2338 532 2399 sed
557 2337 656 2398 illum
682 2335 972 2418 donfroteroitoti
998 2336 1222 2414 relinquere?
1269 2336 1317 2398 Et
1343 2336 1426 2400 haec

225 2438 335 2501 libera
353 2439 517 2517 erogandi
536 2441 639 2516 atque
658 2437 926 2501 administrandi
945 2439 1097 2524 facultas
1115 2456 1157 2501 ex
1176 2439 1252 2519 ipso
1272 2440 1425 2503 Concilio

226 2541 438 2619 Tridentino,
479 2540 560 2619 Gap.
600 2541 663 2620 IX,
705 2539 793 2602 Sess.
832 2539 942 2601 XXII
981 2541 1172 2619 deducitur,
1212 2540 1266 2604 uti
1305 2541 1425 2604 statim

225 2641 466 2706 videbimus.²⁴⁸
804 2709 807 2714 ,

268 2745 358 2808 dur-a
378 2743 542 2823 Episcopi
562 2743 601 2805 in
620 2742 934 2807 Confraternitates
955 2744 1067 2823 quoad
1089 2744 1425 2808 administrationem

225 2848 391 2910 bonorum
404 2845 644 2924 temporalium
656 2845 796 2908 adhaec
808 2845 991 2924 praecipue
1003 2845 1120 2924 capita
1132 2845 1250 2908 reduci
1263 2849 1425 2926 possunt:

275 2948 327 3025 (a)
355 2949 476 3010 Potest
502 2946 704 3025 Episcopus,
731 2946 801 3008 imo
828 2947 937 3025 debet,
965 2946 1010 3009 ad
1036 2946 1207 3010 tollendos
1235 2949 1362 3010 abusus
1389 2950 1426 3010 et

225 3049 440 3129 praeiudicia
473 3049 639 3110 Locorum
672 3049 823 3126 Piorum,
857 3048 981 3126 edictis
1015 3065 1226 3128 praecavere,
1262 3053 1302 3112 ut
1335 3049 1425 3111 bona

226 3152 375 3215 fideliter
410 3150 715 3228 administrentur;
745 3151 798 3228 (b)
825 3151 997 3229 Episcopo
1033 3155 1086 3214 est
1121 3139 1331 3214 reservatum
1367 3153 1425 3233 jus

226 3257 420 3332 competens
451 3269 493 3316 ex
525 3251 671 3314 concilii
704 3252 899 3314 Eridentini
931 3252 1166 3332 dispositione,
1199 3253 1426 3317 confirmandi

226 3356 442 3434 oeconomos,
472 3357 508 3417 et
537 3353 847 3417 Administratores
877 3354 1013 3432 electos,
1043 3358 1079 3417 et
1110 3355 1153 3417 ab
1183 3355 1233 3417 eis
1264 3360 1425 3436 computa

226 3455 540 3521 administrationis
574 3455 741 3534 exigendi.
796 3457 851 3518 En
884 3457 987 3519 verba
1022 3456 1185 3519 Concilii:
1242 3457 1425 3537 “Episcopi

226 3606 235 3623 .
279 3606 287 3624 .
331 3606 339 3622 .
382 3557 585 3639 habentius
605 3557 772 3620 visitandi
815 3604 823 3620 .
868 3604 876 3620 .
920 3603 928 3620 .
971 3558 1115 3636 collegia
1134 3575 1363 3638 quaecumque
1385 3577 1425 3622 ac

225 3661 530 3725 confraternitates
603 3659 769 3722 laicorum
813 3706 821 3722 .
865 3705 873 3722 .
917 3706 925 3723 .
968 3659 1279 3723 administratores
1350 3665 1423 3724 tarn

226 3763 450 3826 ecclesiastici
484 3779 586 3841 quam
621 3761 703 3823 laici
737 3761 891 3824 fabricae
926 3761 1078 3839 cuiusvis
1113 3762 1285 3841 ecclesiae,
1320 3763 1426 3826 etiam

156 3866 159 3874 '
226 3865 444 3943 cathedralis,
457 3863 650 3941 hospitalis,
664 3862 963 3926 confraternitatis
1007 3910 1015 3925 .
1059 3910 1067 3924 .
1112 3911 1119 3926 .
1163 3863 1310 3943 singulis
1323 3865 1425 3928 annis

225 3970 411 4031 teneantur
434 3967 575 4028 reddere
599 3964 767 4026 rationem
792 3964 1105 4028 administrationis
1130 3965 1325 4045 Ordinario,
1350 3983 1425 4029 con·

226 4069 467 4132 suetudinibus
488 4084 528 4130 ac
549 4067 738 4146 privilegiis
757 4067 1023 4145 quibuscumque
1043 4065 1211 4129 sublatis?

274 4172 324 4250 (o)
352 4171 544 4249 Episcopus
560 4170 617 4248 J'us
637 4169 739 4232 habet
758 4168 915 4246 exigendi
936 4169 979 4231 ab
999 4169 1199 4231 Oeconomis
1218 4173 1254 4232 et
1273 4169 1425 4232 Admini-

226 4274 435 4337 stratoribus
470 4273 702 4351 J'uramentum
738 4272 780 4333 de
815 4271 964 4333 fideliter
999 4270 1284 4351 administrando,
1321 4274 1426 4351 prout

226 4375 357 4439 auditis
390 4375 549 4455 partibus
582 4373 770 4436 declaravit
806 4373 912 4436 Sacra
947 4373 1174 4453 Congregatio
1209 4375 1354 4439 Concilii
1386 4376 1425 4438 in

261 4527 290 4554 ¹⁴·
298 4527 418 4583 Bassus,
438 4536 484 4584 op.
503 4523 553 4575 eo.
571 4524 685 4584 quaest.
704 4523 729 4581 f,
748 4533 829 4574 num.
848 4522 874 4574 7.
