3340 5170
257 392 295 450 12
514 392 564 448 De
584 391 922 463 confraternitottbaa
938 389 1180 448 Ecclesiastico
1277 453 1282 469 .

261 591 471 654 sodalitates
487 593 627 656 laicales
643 595 686 656 ab
702 593 943 656 ecclesiasticis
959 593 1128 672 distingui
1144 593 1295 672 possint:
1323 594 1457 672 “Qoom

260 711 281 756 o
302 695 400 756 latoio
418 695 626 773 gubernetur
644 696 766 759 debeat
783 695 914 757 censeri
933 695 1065 773 laicale,
1082 694 1220 758 etiamsi
1238 695 1276 755 in
1294 711 1335 756 eo
1353 710 1458 772 opera

261 796 402 873 pietatis
423 802 655 874 exerceantur,
676 798 758 864 dum
779 814 849 859 nou
870 800 1007 860 constat
1027 798 1117 875 quod
1138 797 1227 858 illud
1248 796 1457 858 auctoritate

234 883 235 888 ἵ
260 898 437 960 Ordinarii
457 898 779 962 111111111111111·11.”9

302 1001 407 1062 Nulla
433 1000 522 1063 enim
550 999 828 1062 confraternitas
855 1004 968 1080 potest
992 1017 1066 1062 sese
1092 1001 1137 1061 ad
1163 999 1277 1061 instar
1303 996 1457 1077 organici

260 1101 412 1179 corporis
445 1102 653 1163 constituere
685 1102 812 1179 absque
843 1102 1041 1163 interventu
1074 1099 1271 1162 actoritatis
1304 1098 1457 1162 ecclesia·

259 1204 376 1265 sticae.
418 1205 528 1266 Juxta
548 1204 605 1282 J'us
624 1204 714 1266 enim
735 1204 851 1282 vigens
873 1205 970 1266 nulla
992 1203 1269 1266 confraternitas
1291 1201 1458 1266 constitui

259 1309 372 1383 potest
401 1305 469 1366 nisi
498 1306 541 1367 ab
570 1306 765 1383 Ordinario,
794 1307 848 1368 vel
876 1324 897 1368 a
927 1305 1110 1384 Superiora
1138 1306 1287 1383 aliquus
1316 1304 1457 1368 Ordinis

259 1406 420 1484 religiosi,
439 1411 501 1470 aut
519 1408 563 1470 ab
581 1407 698 1485 aliqua
715 1407 1119 1485 Archiconfraternitate‚
1138 1408 1198 1470 sed
1215 1411 1300 1469 tunc
1319 1411 1456 1470 tantum

259 1509 296 1568 in
314 1510 443 1571 virtute
460 1509 684 1586 delegationis
702 1509 908 1595 pontificiae,
949 1495 1078 1572 Inferri
1096 1527 1137 1572 ex
1155 1511 1217 1571 hoc
1234 1513 1348 1588 potest
1366 1509 1456 1586 quod

259 1627 327 1670 non
347 1612 476 1673 dantur
497 1611 809 1674 confraternitates
829 1611 969 1673 laicales
990 1611 1128 1690 proprie
1148 1611 1270 1673 dictae.
1312 1611 1457 1684 Quando

259 1729 339 1790 ergo
357 1713 450 1790 apud
468 1716 626 1774 auctores
643 1714 697 1800 vel
713 1712 752 1772 in
771 1713 884 1774 causis
903 1712 1066 1775 Romanis
1085 1712 1318 1774 tribunalibus
1337 1711 1457 1775 allatis

259 1831 369 1876 sermo
388 1813 428 1876 fit
446 1815 488 1876 de
507 1814 863 1876 Confraternitatibus
880 1831 942 1876 seu
962 1814 1142 1876 sodalitiis
1160 1814 1352 1891 laicalibus,
1373 1818 1457 1876 tunc

259 1915 502 1992 intelligendae
520 1919 602 1977 sunt
620 1915 791 1994 simplices
810 1916 1065 1993 associationes,
1085 1915 1350 1994 corporationes,
1370 1931 1457 1993 quae

205 2007 208 2016 ’
259 2017 377 2078 forsan
414 2017 480 2078 sibi
517 2020 713 2095 proponunt
730 2062 732 2066 .
751 2017 910 2095 operibus
946 2016 1200 2079 misericordiae
1237 2034 1277 2079 11
1313 2017 1456 2094 pietatis

259 2135 395 2196 operam
425 2117 540 2194 dandi,
569 2119 628 2179 sed
656 2135 725 2179 non
752 2122 835 2180 sunt
861 2122 977 2181 tamen
1006 2136 1047 2181 ex
1075 2136 1114 2180 eo
1143 2118 1456 2181 confraternitates

259 2219 396 2298 proprie
421 2219 543 2296 dictae,
568 2219 650 2297 quia
675 2219 791 2281 deficit
814 2220 864 2282 eis
889 2220 1092 2282 elementum
1118 2219 1310 2297 essentiale,
1336 2235 1457 2298 nempe

257 2321 471 2382 interventus
492 2313 713 2383 auctoritatis
732 2322 992 2384 ecclesiasticae.
1029 2322 1138 2384 ΙΙ111.
1158 2339 1208 2399 gr.
1227 2322 1357 2384 dantur
1376 2339 1456 2382 non·

258 2423 355 2485 nulla
391 2422 594 2500 nosocomia,
630 2423 731 2500 juxta
768 2422 971 2485 decisionem
1009 2423 1135 2485 Sacrae
1172 2422 1455 2502 Congregationis

258 2524 414 2602 Concilii,
442 2525 609 2586 adverae
638 2524 950 2587 Oonfraternitates
978 2524 1313 2603 pertinentia,quae
1339 2528 1455 2587 tamen

257 2625 397 2687 laicalia
424 2629 515 2702 sunt,
543 2625 624 2703 quia
649 2626 815 2688 instituta
842 2626 938 2688 fuere
963 2626 1072 2688 inscio
1100 2626 1284 2689 Ordinario
1312 2630 1347 2689 et
1373 2626 1455 2704 quia

256 2731 414 2805 exempta
430 2731 513 2788 sunt
529 2745 551 2788 a
570 2728 673 2788 certis
690 2727 963 2790 formalitatibus
981 2727 1019 2788 in
1038 2727 1338 2790 administratione
1357 2729 1455 2790 bone

257 2845 332 2888 rum
357 2829 674 2894 ecclesiasticorum.
721 2829 818 2890 Inter
841 2834 955 2892 cetera
978 2830 1155 2908 elementa,
1180 2847 1267 2909 quae
1290 2830 1455 2907 adjuvare

257 2947 318 2990 nos
353 2935 498 3008 possunt
515 2930 552 2991 in
570 2930 803 2993 discernendis
823 2930 1177 2993 confraternitatibus
1196 2931 1334 3010 proprie
1351 2931 1454 2993 dictis

208 3044 210 3048 ’
257 3031 415 3093 11111111
430 3031 504 3093 Ρ111
520 3032 723 3108 Unionibus,
740 3033 821 3094 haec
838 3033 1057 3095 adnumerari
1074 3024 1236 3111 po'ssunt:

299 3134 327 3193 1.
350 3134 448 3195 Finis
475 3133 559 3196 Piae
586 3133 800 3195 sodalitatis.
849 3133 887 3195 81
913 3134 992 3196 finis
1019 3152 1078 3196 seu
1104 3151 1245 3214 scopus,
1263 3152 1361 3212 quem
1388 3133 1454 3195 sibi

257 3234 434 3310 praestitit
457 3235 641 3312 Sodalitas,
661 3235 745 3298 talis
766 3236 813 3298 ait
835 3240 875 3298 ut
890 3237 940 3322 ¹ad
960 3254 1036 3298 eum
1058 3236 1329 3313 consequendum
1351 3219 1454 3298 realis
1573 3221 1575 3228 ’

256 3336 509 3413 adscriptorum
532 3336 613 3398 unio
636 3337 828 3400 necessaria
849 3338 906 3414 sit,
931 3337 1105 3400 sodalitas
1126 3339 1194 3400 erit
1215 3323 1454 3410 veraconfra·

256 3438 414 3498 ternitas.
454 3439 939 3516 HincArobtooofroteroitos
958 3441 1148 3502 amantium
1166 3441 1253 3501 deca
1271 3445 1305 3501 ct
1322 3442 1454 3506 Moriar

256 3543 291 3601 et
327 3540 604 3617 confraternitas
638 3542 847 3602 Boeotorum
880 3542 967 3602 Jesa
1002 3542 1133 3602 chricti
1167 3545 1212 3604 od
1247 3541 1455 3620 dalbertum,

255 3641 410 3719 inspecto
432 3642 504 3702 solo
528 3641 604 3717 fine,
627 3642 747 3704 statim
769 3642 1018 3720 dignoscuntur
1040 3646 1080 3705 ut
1101 3661 1199 3705 verae
1223 3643 1454 3706 confraterni-

249 3747 356 3817 tates,
381 3761 482 3820 quum
508 3744 713 3821 praecipuus
737 3762 854 3806 earum
877 3744 956 3806 finis
981 3745 1139 3806 unionem
1165 3745 1332 3806 sociorum
1358 3762 1454 3822 expo·

256 3845 371 3906 stulet.
417 3845 514 3904 Finis
537 3846 684 3906 enimin
707 3863 746 3907 eo
769 3846 957 3923 reponitur,
980 3850 1020 3908 nt
1042 3847 1243 3923 confratres,
1268 3848 1454 3910 humilibus

256 3945 364 4007 saccis
379 3946 503 4022 induti,
519 3948 621 4028 111111
636 3949 738 4024 oniti,
751 3948 948 4025 frequenter
963 3953 1130 4027 peragant
1144 3949 1238 4028 pium
1253 3949 1453 4012 exercitium

255 4048 341 4110 Viae
361 4047 491 4122 crucis,
509 4047 809 4126 processionaliter
826 4049 1022 4113 incedendo.

297 4149 452 4212 1111111
477 4149 514 4210 in
539 4149 746 4213 admissione
770 4150 807 4211 in
835 4150 1049 4213 Societatem.
1097 4151 1135 4214 81
1159 4153 1196 4212 in
1221 4153 1453 4230 adscriptione

256 4251 405 4311 fidelium
426 4251 683 4328 praescribatur
701 4269 762 4330 per
781 4256 917 4314 statuta
936 4252 1026 4314 ritus
1045 4253 1183 4330 quidam
1203 4254 1361 4332 specialis
1381 4256 1453 4316 fere

255 4353 424 4428 solemnis,
444 4354 681 4430 praesentibus
702 4353 814 4432 111111,
835 4371 896 4430 per
915 4354 1105 4432 ingressum
1128 4357 1391 4431 adoratorium,
1413 4360 1452 4416 ut

288 4504 342 4552 'In
363 4501 580 4552 recenslorlbus
599 4498 686 4556 decla,
707 4499 766 4556 313,
787 4512 815 4550 n.
836 4500 860 4557 9,
880 4511 944 4558 pag.
965 4500 1008 4551 10.
1061 4567 1062 4572 ¹
