3340 5170
218 469 256 524 14
475 469 525 525 De
545 467 883 541 confraternitatttns
899 469 1141 526 Ecclesiasttais

220 666 311 729 ritus
345 667 505 730 solemnis
540 666 577 728 in
612 668 844 746 adscriptione
878 668 1040 745 fidelium,
1073 667 1223 729 induitio
1259 667 1417 746 specialis

221 769 325 830 vestis
345 769 449 830 certis
468 769 506 830 in
526 769 711 848 adjunctis,
731 769 902 848 processio
923 771 975 830 vel
995 769 1187 832 adunantia
1206 770 1244 830 in
1264 769 1418 831 determi-

220 870 313 932 natis
343 871 427 932 anni
456 870 585 948 diebus,
615 875 689 949 etc,
719 869 925 932 Sodalitium
956 870 1151 949 hujusmodi
1181 871 1249 932 erit
1279 870 1417 931 Gonira·

219 973 378 1034 territas.

263 1074 407 1147 Quando
430 1074 646 1136 econtrario
671 1073 845 1136 sodalitas
869 1063 986 1152 aliqua
1007 1075 1060 1136 ita
1082 1074 1130 1136 sit
1153 1073 1354 1151 constituta,
1378 1077 1418 1134 ut
1493 1086 1495 1091 ’

220 1166 353 1238 nullum
371 1194 412 1238 ex
428 1177 621 1238 enunciatis
638 1177 814 1238 elementis
830 1177 869 1236 in
885 1194 925 1237 ea
943 1175 1146 1254 reperiatur,
1164 1175 1304 1253 ejusque
1322 1193 1418 1236 mem·

220 1279 284 1340 bra
302 1278 427 1338 laxiori
446 1278 499 1340 vel
517 1278 589 1340 iere
606 1279 702 1339 nullo
721 1277 857 1339 vinculo
875 1277 967 1340 inter
985 1295 1021 1339 se
1040 1277 1263 1354 colligentur;
1282 1276 1418 1354 quando

222 1379 397 1442 Sodalitas
421 1380 552 1442 nullam
576 1380 678 1441 habet
700 1394 762 1457 pro
787 1379 1019 1457 adscriptione
1043 1378 1188 1440 formam
1214 1394 1253 1440 ac
1278 1392 1417 1438 ceremo-

219 1482 313 1542 niam
334 1484 471 1558 praeter
489 1481 688 1559 petitionem
709 1480 819 1541 fidelis
838 1483 873 1541 et
894 1479 1162 1558 acceptationem
1183 1477 1417 1544 admittentis:

221 1585 357 1662 quando
376 1585 509 1645 demum
529 1583 588 1662 pia
608 1582 782 1644 Sodalites
801 1582 873 1643 suis
892 1583 1057 1660 quasdam
1076 1585 1213 1644 tantum
1233 1597 1348 1660 preces
1367 1581 1420 1642 vel

222 1688 332 1747 certos
355 1685 497 1762 pietatis
519 1701 559 1746 ac
582 1684 759 1762 religionis
782 1689 880 1746 actus
903 1683 1118 1762 praescribit,
1141 1684 1187 1744 ad
1210 1699 1293 1760 quos
1316 1682 1418 1744 adim-

221 1787 363 1865 plendos
378 1787 493 1848 fideles
509 1785 677 1864 adscripti
692 1786 789 1847 nulla
804 1786 877 1863 lege
892 1789 1054 1846 tenentur
1068 1784 1210 1844 insimul
1225 1801 1298 1845 sese
1313 1784 1419 1845 deter-

112 1891 117 1898 “
144 1931 148 1936 -
167 1960 181 1976 N
220 1889 352 1950 minato
369 1889 408 1948 in
426 1889 499 1950 loco
518 1891 580 1950 aut
599 1890 733 1950 statuto
752 1890 903 1964 tempore
922 1885 1160 1964 congregandi,
1181 1886 1240 1946 sed
1259 1899 1419 1963 peragere

199 2002 262 2072 “ea
283 1990 398 2052 omnia
419 1989 691 2068 possuntetiam
714 1988 928 2066 singillatim,
951 1991 986 2048 et
1008 1987 1160 2065 quolibet
1181 1987 1255 2047 loco
1277 2003 1317 2048 ac
1339 1990 1419 2047 tem·

221 2076 320 2171 pore3
338 2095 421 2154 tunc
438 2091 634 2170 hujusmodi
653 2089 859 2164 sodalitium
876 2089 1015 2150 minime
1033 2087 1311 2149 Ooniraternitas
1328 2085 1418 2149 est.¹⁰

263 2195 392 2272 Repeto
412 2197 538 2270 tamen,
558 2192 648 2269 quod
667 2191 815 2270 primum
836 2208 876 2252 ac
895 2190 1086 2272 principale
1106 2191 1308 2251 elementum
1329 2187 1420 2266 quod

221 2295 366 2357 inservit
388 2311 450 2374 pro
474 2293 698 2356 discernenda
721 2309 801 2354 vera
825 2291 1120 2354 Goniraternitate
1144 2307 1165 2352 a
1188 2289 1338 2368 simplici
1361 2289 1419 2367 pia

222 2397 356 2460 Unione
375 2396 554 2475 reponitur
572 2395 610 2455 in
629 2411 668 2461 eo
688 2394 779 2471 quod
798 2393 835 2454 in
854 2392 1024 2456 erectione
1044 2390 1352 2454 confraternitatis
1372 2407 1419 2450 re

222 2499 374 2577 quiritur
394 2514 494 2560 verus
516 2514 556 2558 ac
578 2496 729 2558 directus
751 2483 929 2557 Ordinarii
949 2493 1174 2570 interventus,
1196 2509 1300 2570 quum
1322 2491 1418 2552 nulla

222 2599 500 2662 Ooniraternitas
519 2597 764 2660 Ecclesiastico
783 2583 916 2672 concipi
935 2595 1045 2673 possit
1064 2594 1190 2671 absque
1210 2593 1419 2655 auctoritate

222 2701 399 2766 Ordinarii
421 2704 543 2764 erecta.

412 2851 489 2912 Art.
513 2849 678 2910 III.-—De
703 2847 868 2910 diuisione
894 2845 1229 2924 Oonfraternr'tatnrn

264 2967 576 3030 Confraternitates
618 2963 868 3027 ecclesiasticae
911 2961 1004 3025 varie
1046 2961 1326 3040 distinguuntur:
1383 2959 1419 3020 si

222 3070 481 3134 considerentur
502 3067 636 3129 ratione
656 3065 876 3145 dignitatis,¹²
897 3065 1162 3142 distinguuntur
1181 3063 1219 3123 in
1238 3063 1420 3124 Arehioon·

221 3172 462 3252 fraternitates
485 3173 520 3232 et
542 3167 713 3247 simplices
738 3167 1059 3246 confraternitates.
1106 3163 1419 3225 Ooniraternitates

222 3273 393 3352 simplices
410 3275 492 3334 sunt
507 3271 598 3348 illae,
615 3286 701 3348 quae
716 3267 870 3347 quamvis
886 3268 923 3328 in
940 3283 976 3328 se
990 3266 1177 3344 completae
1193 3265 1264 3326 sint
1280 3268 1314 3327 et
1330 3264 1419 3324 inde

223 3377 408 3454 pendentes
429 3374 471 3435 ab
492 3372 581 3449 aliis,
602 3370 690 3431 nihil
709 3375 824 3432 tamen
845 3385 944 3446 agere
964 3358 1108 3454 possunt
1128 3384 1209 3445 erga
1229 3366 1317 3440 alias
1337 3366 1419 3427 Gon-

222 3477 462 3539 iraternitates
486 3474 637 3552 ejusdem
662 3471 795 3548 generis
819 3473 854 3533 et
877 3467 1043 3530 instituti.
1089 3466 1418 3528 Archiconiraterni·

222 3583 313 3642 tates
333 3594 411 3640 vero
430 3594 490 3637 seu
509 3573 819 3636 Archisodalitates
838 3575 900 3633 aut
921 3569 1208 3648 congregationes
1228 3567 1420 3630 Primariac

222 3683 305 3742 sunt
326 3680 417 3756 illae,
438 3694 525 3756 quae
546 3676 697 3754 gaudent
718 3673 898 3752 privilegio
917 3671 983 3732 sibi
1005 3670 1212 3749 aggregandi
1234 3669 1322 3731 alias
1344 3669 1420 3746 pias

223 3783 404 3844 societates
430 3779 582 3857 ejusdem
608 3776 741 3854 generis
767 3779 802 3836 et
827 3773 994 3849 instituti,
1021 3772 1213 3849 eisdemque
1240 3769 1419 3832 communi·

223 3883 324 3946 candi
346 3899 406 3960 per
427 3881 558 3942 iactum
581 3878 755 3956 legitimae
776 3874 1030 3954 aggregationis
1052 3872 1210 3951 proprias
1233 3870 1420 3949 respective

222 3981 465 4063 indulgentias.

265 4082 675 4147 Archiconiraternitatcs
698 4080 823 4140 iterum
847 4077 1110 4153 distinguuntur
1133 4075 1187 4134 in:
1210 4073 1420 4141 universales

224 4189 276 4250 vel
287 4188 516 4266 particulares
529 4201 589 4245 seu
602 4184 800 4262 regionales.
838 4180 927 4241 Sunt
940 4177 1160 4254 universales,
1175 4177 1205 4237 si
1218 4175 1421 4254 ubicumque

223 4292 374 4353 locorum
397 4287 523 4364 vigent,
547 4285 671 4363 ubique
693 4283 819 4344 eisdem
842 4281 993 4359 gaudent
1015 4277 1205 4358 privilegiis
1228 4281 1262 4339 et
1284 4277 1322 4337 in
1345 4280 1420 4338 toto

256 4468 495 4530 ²⁰Mocehegianl.
515 4467 657 4519 collectio
676 4463 942 4524 Indulgentiarum
961 4475 990 4514 n.
1009 4462 1086 4512 1655.

256 4544 273 4569 ¹¹
284 4539 392 4598 Tachy,
410 4551 455 4598 op.
472 4538 531 4596 cit,
549 4549 577 4586 n.
596 4535 638 4586 12.
