3340 5170
472 404 523 462 Dc
542 402 881 476 Ooasrotemitotibss
896 401 1140 462 licoksiostioic
1379 399 1417 459 bb

218 602 321 664 babet
337 599 538 679 Concilium,
554 617 597 664 ex
612 600 745 664 duobus
761 601 814 664 rel
827 617 870 664 ex
885 600 999 664 tribus
1015 598 1207 665 senioribus
1223 599 1419 664 confrater·

218 702 342 766 nitatis
361 702 521 764 membris
539 702 774 782 compositum,
793 702 894 782 cujus
911 701 1058 765 odicium
1076 707 1129 766 est
1148 702 1361 766 Directorem
1380 703 1420 764 in

217 804 520 868 administratione
549 804 701 884 ejusdem
732 803 938 868 Sodalitatis
968 804 1144 883 adiurare.
1196 805 1271 868 Hoc
1301 809 1419 868 tamen

219 906 411 970 Concilium
433 907 530 970 nullo
552 907 651 970 modo
673 907 865 970 Directoris
888 907 1132 970 auctoritatem
1155 907 1292 985 minuit,
1314 911 1351 970 et
1373 907 1419 970 ad

218 1008 332 1088 ipsum
351 1009 462 1070 solum
482 1025 614 1088 semper
631 1011 765 1088 spectat
784 1008 841 1087 jus
860 1008 1048 1088 recipiendi
1067 1025 1172 1072 novos
1192 1008 1344 1088 Sodales,
1365 1009 1419 1072 uti

218 1111 289 1189 iam
305 1110 454 1174 vidimus
469 1110 508 1173 in
523 1110 631 1173 allato
647 1111 793 1173 Decreta
809 1108 904 1174 autb.
920 1110 993 1172 312.
1009 1111 1055 1173 ad
1070 1109 1100 1172 2.

260 1213 610 1276 Animadvertendum
638 1215 691 1275 est
719 1217 845 1290 tamen,
874 1212 964 1290 quod
993 1210 1075 1274 baec
1103 1211 1295 1275 auctoritas
1324 1211 1419 1275 Dirc

219 1315 325 1378 cteris
339 1332 408 1376 non
421 1319 474 1377 est
488 1319 560 1377 tam
573 1314 805 1378 essentialiter
818 1313 1010 1393 personalis
1023 1315 1114 1394 quod
1127 1331 1195 1376 non
1210 1314 1320 1394 possit
1334 1315 1419 1378 dele

219 1417 305 1496 gari.
350 1415 490 1480 Certum
512 1419 576 1494 est,
599 1416 689 1495 quod
712 1417 872 1480 Director
894 1435 936 1479 ex
959 1416 1100 1496 propria
1122 1434 1186 1480 sua
1210 1418 1419 1481 auctoritate

219 1536 288 1581 non
306 1522 420 1597 potest
437 1535 510 1582 sese
527 1517 746 1597 substituere,
764 1519 824 1582 sed
840 1518 1031 1581 notandum
1048 1522 1112 1597 est,
1130 1519 1220 1597 quod
1238 1535 1339 1598 saepe
1356 1519 1419 1581 boc

219 1624 334 1700 potest
357 1636 400 1683 ex
424 1618 705 1697 auctorizatione,
729 1636 817 1699 quae
841 1618 995 1682 faciliter
1019 1636 1082 1700 pro
1108 1619 1245 1683 casibus
1271 1621 1419 1701 particu-

219 1723 351 1786 laribus
369 1721 518 1784 obtineri
537 1725 660 1802 potest.
701 1721 776 1782 Imo
812 1721 989 1783 nonnullis
1007 1721 1045 1783 in
1064 1721 1419 1786 confraternitatibus

219 1825 381 1888 Director
399 1824 603 1887 facultatem
623 1823 804 1901 delegandi
823 1822 976 1902 possidet
996 1823 1095 1886 modo
1116 1823 1268 1902 generali
1287 1823 1358 1886 sive
1378 1839 1421 1888 ex

220 1926 434 2005 delegatione
462 1925 506 1989 ab
534 1924 721 1988 Ordinario
751 1929 888 2005 recepta
918 1924 1022 1988 simul
1051 1942 1128 1987 cum
1159 1926 1305 1988 Decreto
1333 1941 1420 1988 erec·

219 2029 336 2106 tionis,
357 2032 419 2092 aut
438 2028 577 2091 tandem
594 2044 637 2089 ex
655 2043 817 2106 expressa
837 2025 985 2090 Sanctae
1006 2026 1105 2088 Sedis
1125 2025 1378 2089 concessione.⁸⁸

263 2131 404 2210 Semper
422 2135 539 2193 tamen
560 2145 677 2191 verum
698 2132 862 2207 remanet,
884 2129 974 2207 quod
995 2129 1108 2193 valide
1128 2128 1166 2190 in
1188 2129 1420 2192 Oonfraterni-

219 2221 312 2297 tates
327 2250 432 2295 noros
448 2231 590 2295 Sodales
606 2230 756 2311 recipere
771 2235 886 2311 potest
901 2231 1112 2293 solummodo
1128 2230 1253 2294 Rector
1268 2231 1422 2310 legitime

219 2338 417 2416 deputatus,
433 2334 487 2396 vel
503 2333 678 2412 Sacerdos,
694 2332 767 2396 cuit
781 2332 974 2412 Episcopus
996 2333 1065 2410 (rel
1080 2331 1262 2412 respectivi
1278 2332 1421 2396 Ordinis

222 2437 422 2517 Superiores
440 2436 478 2498 in
498 2434 648 2516 propriis
668 2433 837 2512 ecclesiis)
860 2433 1033 2498 'commisit
1053 2452 1122 2498 una
1142 2434 1246 2497 simul
1265 2451 1342 2498 cum
1362 2434 1420 2496 im-

220 2540 371 2604 mediata
386 2536 697 2602 confraternitatis
714 2536 903 2600 directione
919 2535 1092 2614 legitimas
1108 2536 1295 2600 facultates
1312 2535 1421 2599 officio

221 2641 411 2704 Directoris
430 2639 664 2702 inherentes.⁸⁴
716 2645 717 2649 ’
1465 2629 1467 2637 ⁴
1522 2637 1526 2644 ’

262 2743 462 2823 Adscriptio
479 2758 559 2821 ergo
577 2742 673 2804 facta
691 2759 712 2804 a
728 2756 798 2802 non
816 2741 962 2802 habente
979 2738 1233 2818 auctoritatem,
1253 2741 1422 2803 censenda

221 2849 276 2909 est
295 2846 402 2907 nulla.
447 2846 504 2907 Ita
526 2843 715 2906 declaravit
740 2844 846 2904 Sacra
869 2842 1096 2922 Oongregatio
1122 2843 1421 2921 Indulgentiarum

222 2949 279 3011 die
291 2948 333 3008 22
346 2947 495 3025 Augusti
510 2963 601 3009 anno
616 2945 707 3023 1842,
723 2945 867 3008 Decreto
880 2944 1080 3008 authentico
1093 2964 1127 3007 ιι.
1142 2945 1214 3023 306,
1231 2948 1274 3008 ad
1290 2946 1419 3008 S-um.

223 3050 335 3124 Quum
356 3066 434 3111 vero
454 3048 595 3110 dubium
618 3048 647 3126 3,
668 3065 738 3110 non
759 3050 872 3125 potest
893 3047 1074 3125 sejunctim
1097 3064 1117 3110 a
1138 3047 1270 3112 duobus
1292 3054 1421 3112 antece·

223 3150 382 3214 dentibus
413 3150 555 3228 concipi,
584 3150 636 3212 ita
664 3150 835 3227 integrum
863 3150 926 3213 hoc
955 3149 1054 3213 breve
1082 3150 1265 3213 Decretum
1294 3152 1422 3214 referre

222 3268 357 3314 necesse
373 3255 436 3330 est,
453 3252 543 3330 qnod
561 3251 613 3314 ita
631 3269 668 3314 se
685 3251 804 3313 babet:

348 3353 430 3416 1842
451 3353 493 3415 22
513 3353 673 3432 Augusti.
842 3354 894 3416 De
913 3355 1057 3416 Rectore
1080 3354 1294 3419 Sodalitatis.

222 3455 367 3518 Auxien.
430 3454 716 3534 Archiepiscopus
759 3453 944 3517 Auriensis
988 3454 1114 3518 Sacrae
1156 3455 1422 3536 Oongregationi

222 3557 328 3620 dubia
347 3561 388 3620 nt
407 3556 502 3619 infra
522 3556 684 3619 solvenda
704 3556 883 3636 proponit:

238 3685 239 3688 ¹
264 3657 302 3721 1⁰
327 3659 453 3740 Utrum
476 3659 646 3738 parochus
671 3675 731 3720 seu
756 3659 953 3721 Moderator
978 3658 1286 3722 Oonfraternitatis
1312 3660 1421 3738 cuins·

222 3778 375 3841 cumque,
388 3760 460 3823 sive
471 3760 624 3838 legitime
637 3760 833 3839 impeditus,
848 3760 919 3822 sive
933 3777 1012 3838 non,
1027 3761 1137 3839 possit
1151 3760 1247 3823 licite
1259 3766 1296 3825 et
1309 3760 1422 3825 valide

221 3864 289 3926 sibi
307 3862 483 3941 vicarium,
501 3862 554 3924 vel
572 3861 678 3924 alium
697 3863 914 3942 prebytarum
933 3878 1175 3941 quemcumque
1193 3864 1420 3942 approbatum

222 3966 409 4043 subrogare
420 3965 465 4028 ad
478 3963 709 4044 recipiendum
723 3963 839 4025 fideles
853 3963 1143 4027 confraternitati
1156 3964 1423 4026 adscribendos?

264 4065 303 4128 2ο
327 4067 453 4130 Utrum
475 4065 635 4143 vicarius,
659 4066 712 4127 vel
736 4063 827 4128 alius
850 4064 1028 4143 presbyter
1051 4065 1103 4127 ita
1128 4065 1334 4143 subrogatus
1358 4081 1421 4145 pro

222 4187 294 4231 una
315 4169 397 4246 vice,
419 4168 472 4230 vel
493 4168 538 4230 ad
559 4171 704 4247 tempus,
728 4165 862 4246 possint
885 4166 1024 4229 babitus
1045 4165 1251 4244 confratum,
1272 4167 1326 4230 vel
1348 4183 1422 4230 con·

222 4287 389 4348 summm,
407 4286 538 4333 necnon
554 4284 697 4332 coronas
715 4267 979 4347 deprecatorias,
996 4283 1056 4330 seu
1074 4267 1209 4330 rosaria
1225 4269 1422 4332 benedicere

257 4450 444 4501 ‘Decretum
465 4448 547 4500 auth.
567 4461 596 4499 n.
617 4447 677 4506 304,
696 4448 734 4499 ad
754 4447 780 4499 3.

258 4517 497 4578 “Moccbegiant
516 4529 561 4576 on.
579 4516 630 4569 cit.
646 4528 674 4568 n.
693 4517 771 4568 litt.
