3336 5166
202 379 258 436 108
420 362 426 376 ⁸
471 380 521 437 De
538 379 876 454 Ooasraterattatibae
889 369 1132 438 Ecclesiastieia

252 578 307 654 (d)
334 577 481 656 Exigere
504 579 705 641 relationem
732 580 773 642 de
798 579 1100 666 administratione
1124 580 1308 658 redituum,
1334 597 1402 642 non

203 681 363 742 obstante
376 698 586 760 quacumque
600 681 846 744 consuetudine
860 683 912 744 vel
926 681 1105 760 privilegio
1119 683 1158 744 in
1172 680 1402 760 contrarium

252 784 301 860 (e)
329 783 476 860 Exigere
498 788 538 846 ut
559 784 642 845 libri
664 783 978 846 administrationis
1000 785 1046 847 ad
1068 785 1192 863 ipsum,
1216 801 1336 863 nempe
1358 784 1403 846 ad

204 885 373 963 palatium
404 885 608 964 Episcopale
638 865 849 964 deierantur,
879 886 911 948 si
940 886 1246 948 confraternitates
1277 885 1402 948 inveni-

203 990 309 1050 antur
326 987 364 1049 in
381 988 467 1050 locis
485 988 560 1066 eJ'us
578 988 802 1066 residentiae3
821 989 874 1050 vel
893 992 934 1050 ut
952 991 1180 1067 apportentur
1198 988 1236 1048 in
1255 989 1402 1065 domum,

203 1090 261 1153 ubi
277 1089 351 1168 ipse
368 1093 535 1168 versatur,
553 1089 584 1151 si
600 1094 683 1152 tunc
701 1090 802 1151 sitin
819 1093 941 1153 sancta
957 1090 1080 1168 visita3

251 1193 297 1272 (f)
327 1191 547 1270 confirmare,
565 1195 658 1255 etex
677 1208 782 1254 causa
798 1191 895 1269 gravi
912 1191 1017 1254 etiam
1036 1192 1242 1270 suspendere
1261 1193 1306 1254 ad
1323 1196 1402 1255 tem-

202 1313 267 1374 pus
290 1295 449 1357 officiales
471 1295 541 1373 J‘am
563 1295 698 1372 electos,
719 1298 754 1356 et
775 1311 892 1356 eorum
913 1294 987 1355 loco
1009 1292 1219 1356 substituere
1241 1293 1337 1372 alios,
1360 1311 1403 1356 ne

202 1413 307 1459 causa
321 1397 379 1475 pia
394 1396 533 1474 aliquod
549 1396 792 1457 detrimentum
806 1396 965 1474 patiatur
973 1415 982 1473 ;

251 1498 304 1578 (ρ)
333 1498 544 1560 Confirmare
557 1497 786 1560 Assistentem
800 1498 852 1560 vel
868 1497 1122 1560 Moderatorem
1133 1498 1401 1560 ecclesiasticum

201 1601 240 1661 in
253 1617 400 1680 persona
413 1599 561 1678 alicuius
575 1599 764 1664 sacerdotis
778 1598 832 1662 vel
846 1599 883 1661 in
898 1617 1045 1680 persona
1058 1600 1170 1678 ipsius
1184 1600 1335 1679 parochi,
1350 1601 1403 1663 ita

202 1705 252 1781 ut,
276 1703 306 1764 si
328 1702 402 1781 ipse
425 1703 604 1780 moriatur,
629 1718 735 1768 novus
761 1702 944 1764 adveniens
968 1703 1146 1780 parochus
1161 1703 1232 1764 tale
1256 1703 1402 1764 officium

203 1805 329 1883 absque
344 1804 416 1866 ulla
431 1804 501 1866 alia
517 1821 604 1866 nova
618 1804 832 1865 formalitate
847 1803 1003 1882 aquirat3
1089 1827 1091 1829 ·

251 1907 305 1983 (lt)
335 1906 477 1983 Spectat
493 1907 632 1968 tandem
650 1906 695 1967 ad
712 1905 935 1966 Ordinarium
955 1907 1038 1968 dare
1055 1906 1402 1968 confraternitatibus

201 2008 377 2070 licentia-m
386 2008 622 2087 'quaestuandi
637 2007 742 2070 etiam
757 2025 818 2086 per
833 2007 1009 2086 propriam
1024 2007 1224 2071 Ecclesiam.

348 2159 432 2254 Art,
449 2189 615 2250 ΙΙΙ-ΒΘ
637 2192 809 2266 potestate
830 2189 995 2267 Episcopi
1016 2191 1055 2251 io
1076 2155 1276 2253 visitatione

633 2291 969 2378 confraternitatem
1137 2287 1138 2290 ’

244 2441 368 2504 Omnes
385 2441 748 2518 Gontraternitatates‚
764 2445 836 2504 tam
854 2432 1068 2520 approbatae
1079 2460 1181 2522 quarn
1198 2457 1266 2504 non
1284 2461 1403 2522 appro-

201 2545 303 2607 batae
319 2562 340 2606 a
358 2542 486 2605 Sancta
503 2543 598 2620 Sede,
615 2560 745 2605 necnon
761 2544 866 2606 etiam
884 2543 1198 2607 Ooniraternitates
1215 2549 1348 2608 erectae
1364 2545 1402 2607 in

202 2647 353 2710 ecclesiis
374 2645 597 2724 Regularium
619 2641 675 2722 ’(8.
697 2645 733 2708 G.
755 2644 792 2707 0.
812 2646 851 2706 in
871 2645 1058 2709 Tricarien.
1079 2647 1120 2709 27
1140 2639 1229 2710 Νον.Ι
1245 2647 1328 2710 1677
1338 2666 1346 2726 ;
1366 2651 1403 2711 et

202 2751 370 2812 Analecta
390 2749 519 2811 Eccles.
541 2749 606 2810 vol.
629 2748 679 2825 13,
701 2765 778 2827 pag.
800 2747 878 2824 263)
907 2748 1083 2827 subjectae
1104 2752 1186 2811 sunt
1208 2748 1403 2812 visitationi

201 2851 375 2931 Episcopi,
407 2850 476 2912 nisi
509 2849 581 2912 sint
614 2850 677 2912 sub
709 2849 908 2912 immediata
941 2845 1160 2929 protectione
1185 2851 1315 2929 Regum
1349 2851 1403 2914 vel

202 2955 464 3032 Imperatorum,
501 2952 554 3014 vel
590 2955 766 3031 exemptae
802 2951 874 3014 sint
910 2969 972 3032 per
1007 2952 1148 3030 aliquod
1185 2953 1402 3032 privilegium

201 3054 426 3136 pontificium.

245 3156 435 3219 Concilium
461 3155 551 3218 enim
578 3149 828 3235 Tridentinum‚
855 3173 935 3218 sess.
962 3155 1013 3233 22,
1040 3173 1113 3234 cap.
1140 3157 1160 3220 8
1186 3159 1228 3219 de
1254 3158 1401 3234 reform,

203 3260 313 3322 clare
334 3258 437 3321 dicit:
479 3258 662 3336 “Episcopi
705 3304 713 3318 .
758 3285 766 3318 .-
811 3305 818 3319 .
862 3259 1010 3320 habeant
1047 3258 1104 3336 jus
1141 3256 1308 3321 visitandi
1347 3260 1401 3320 lio·

204 3361 357 3440 spitalia,
386 3360 529 3438 collegia
559 3357 789 3438 quaecumque
816 3376 857 3421 ac
885 3354 1193 3439 confraternitates
1221 3361 1399 3436 laicorum,

201 3464 307 3526 etiam
330 3480 414 3541 quas
436 3461 570 3524 scholas
592 3461 662 3523 sive
684 3478 892 3540 quocumque
914 3462 983 3524 alio
1005 3462 1142 3525 nomine
1164 3467 1288 3526 vocant
1317 3466 1403 3540 (non

202 3570 318 3627 tamen
332 3582 418 3644 quae
433 3565 495 3626 sub
513 3581 629 3642 regum
644 3563 843 3626 immediata
859 3564 1072 3640 protectione
1087 3570 1178 3642 runt,
1195 3567 1269 3630 sine
1284 3583 1401 3629 eorum

200 3667 396 3744 licentia).''

243 3770 290 3831 Et
312 3768 350 3830 in
374 3768 487 3847 capite
509 3767 681 3846 sequenti:
727 3768 1153 3831 “Administratores'tam
1178 3769 1401 3832 ecclesiastici

203 3886 304 3950 quam
325 3871 407 3933 laici
431 3871 584 3933 fabricae
607 3870 758 3947 cujusvis
781 3870 952 3947 ecclesiae,
976 3863 1081 3934 etiam
1105 3870 1323 3949 cathedralis,
1347 3871 1402 3952 ho-

203 3974 351 4052 spitalis,
372 3973 682 4052 confraternitatis,
701 3972 941 4049 eleemosynae,
961 3973 1089 4035 montis
1109 3973 1252 4051 pietatis
1271 3977 1306 4036 et
1325 3991 1402 4052 quo·

202 4092 422 4154 rumcumque
439 4075 574 4153 piorum
591 4075 753 4151 locorum,
772 4074 917 4152 singulis
937 4075 1039 4138 annis
1052 4079 1243 4138 teneantur
1261 4076 1402 4138 reddere

201 4177 370 4240 rationem
391 4175 704 4239 administrationis
724 4176 931 4239 ordinario.”
978 4205 981 4208 ·
1013 4170 1014 4173 ’

246 4280 344 4354 Quod
372 4279 501 4342 attinet
530 4278 844 4341 confraternitates
872 4282 1005 4340 erectas
1033 4279 1071 4340 in
1100 4278 1264 4342 Ecclesiis
1294 4279 1400 4358 Regu-

201 4380 328 4444 larium
349 4398 426 4444 cum
445 4398 511 4445 usu
531 4398 716 4460 saccorum,
737 4381 928 4459 Episcopus
949 4380 1051 4444 habet
1071 4381 1127 4459 J‘us
1147 4399 1205 4444 eas
1226 4381 1401 4459 visitandi,

202 4485 262 4546 sed
285 4483 441 4547 visitatio
462 4487 601 4546 tantum
624 4485 669 4545 ad
689 4483 781 4546 bona
802 4483 1007 4561 temporalia
1030 4501 1066 4546 se
1089 4484 1271 4546 extendere
1293 4484 1401 4561 debet,
