3340 5170
471 475 520 532 lle
540 473 879 548 Ooulrotcmitatibua
895 473 1137 531 Ecclesiualioia
1377 471 1415 529 15

216 674 305 736 Orbe
318 673 406 735 alias
419 674 486 736 sibi
499 674 633 753 pomint
646 691 831 753 aggregare
843 673 994 752 ejusdem
1008 674 1157 736 nominis
1170 678 1205 736 et
1219 672 1414 736 instituti.²²

85 789 89 795 ·
216 776 389 837 Dicuntur
404 791 483 838 vera
499 775 732 854 particulares
745 793 805 837 scu
822 775 1021 854 regionales,
1040 775 1070 837 si
1086 792 1148 854 pro
1166 780 1261 839 certa
1278 779 1415 836 tantum

216 877 361 940 dioecesi
378 881 440 939 aut
457 877 594 956 regione
610 878 819 956 aggregandi
836 877 1016 956 privilegio
1033 877 1215 956 gaudeant.

258 978 455 1057 Aliquando
482 983 599 1042 tamen
625 979 693 1040 iste
720 978 855 1040 titulus
873 979 1282 1057 Arroloootraternrtaua
1310 979 1413 1040 datur

216 1085 352 1143 tantum
366 1083 412 1143 od
425 1081 624 1158 booorem,¹⁸
637 1081 764 1160 absque
777 1081 853 1159 jnre
866 1079 1131 1159 aggregationis.
1168 1081 1225 1142 Ita
1239 1081 1305 1142 Leo
1319 1082 1416 1158 Papa

216 1183 310 1244 XIII
335 1201 396 1261 per
418 1183 527 1244 Breve
551 1183 619 1244 dlei
644 1183 665 1243 2
689 1183 848 1245 Octobris
875 1183 956 1246 1893
980 1183 1116 1244 extollit
1141 1184 1185 1244 ad
1211 1183 1433 1260 dignitatem

216 1285 624 1350 Archiconfraternitatis
643 1286 688 1347 od
707 1287 867 1346 bonorem
886 1284 1158 1346 Associationem
1177 1286 1358 1363 quamdam
1378 1284 1415 1344 in

217 1387 343 1464 Gallia,
367 1386 424 1448 cui
447 1390 523 1449 crat
546 1387 690 1448 titulus:
715 1387 810 1465 Opus
834 1386 1064 1465 expiatorium
1087 1404 1150 1465 pro
1174 1387 1354 1448 animabus
1378 1387 1416 1446 in

216 1488 424 1566 PurgaturIo
446 1488 605 1551 detentis.
648 1489 702 1550 En
724 1488 827 1550 verba
848 1488 970 1550 Leonis
992 1488 1061 1549 ΡΡ.
1084 1489 1195 1550 XIII:
1240 1487 1416 1549 “Auctori-

217 1595 291 1653 tate
311 1592 440 1652 Nostra
461 1591 662 1669 Apostolica
683 1590 915 1670 praesentium
937 1590 981 1669 vi,
1004 1593 1225 1653 memoratam
1248 1591 1415 1653 Sodalita·

217 1697 286 1754 tem
308 1692 348 1752 ln
370 1692 529 1770 paroecia
551 1709 653 1771 quam
677 1693 777 1769 vulgo
800 1695 924 1754 vocant
945 1693 996 1754 Lu
1020 1693 1180 1770 Obopelle
1203 1693 1416 1771 Montliyeoo

217 1794 406 1856 dioeceseos
430 1793 594 1872 segiensis
619 1793 831 1872 existentem,
855 1794 893 1854 iu
917 1793 1346 1856 Arcbiconfraternitatem
1372 1796 1417 1857 od

120 1976 123 1984 Ι
217 1897 378 1958 bonorem
395 1911 471 1956 cum
487 1895 601 1956 solitis
618 1893 808 1974 privilegiis
825 1899 1027 1973 perpetuum
1044 1896 1082 1957 in
1098 1896 1235 1957 modum
1253 1895 1416 1974 erigimus

217 2001 320 2076 atque
339 1996 616 2060 instituimus.'’¹⁴

253 4439 272 4466 ¹¹
283 4439 492 4499 Moccbeglanl,
509 4451 554 4499 op.
570 4439 630 4497 ott,
646 4452 675 4490 n.
692 4439 769 4492 1⁶42.

252 4512 272 4539 ¹¹
281 4511 429 4570 demeres,
444 4511 503 4562 Las
517 4510 674 4562 cotradlas
688 4523 708 4570 y
723 4510 976 4570 congregacloues
992 4509 1226 4568 Ecclesiasticus,
1242 4523 1271 4562 n.
1288 4509 1330 4562 89.

252 4578 425 4632 ¹·analoeta
438 4578 657 4638 aeclesiarum.
670 4579 727 4630 vol.
744 4579 768 4639 1.
784 4591 849 4640 pag.
866 4579 925 4632 349.
