3336 5166
482 389 533 447 Do
549 383 888 460 Ooasruterm'tutibus
902 380 1144 440 lloolestustiu's
1360 375 1416 435 105

213 586 418 666 singillatim
442 583 625 663 descriptis
650 582 828 662 praedIcta
854 579 1133 644 uomraternitas
1158 579 1222 658 uti,
1248 576 1355 658 potiri
1379 580 1414 640 et

214 673 362 751 gaudere
389 670 500 750 possit
527 670 629 748 iuxta
655 686 695 731 ea
723 683 809 746 quae
837 684 910 729 san.
939 683 1036 728 mem.
1065 665 1219 727 Clemens
1248 663 1350 740 VIII,
1378 661 1416 722 in

214 792 320 854 supra
342 774 453 836 citata
476 771 733 835 Constitutione
754 769 990 868 praescripsit,
1014 772 1049 831 et
1072 768 1281 830 variationes
1306 786 1329 830 a
1353 766 1414 829 ΕΒ.

214 861 256 921 D.
277 860 319 921 N.
341 859 440 936 Papa
460 857 524 919 Pio
548 857 601 918 IX
622 855 842 934 adprobatus,
864 855 964 931 cujus
986 853 1121 931 quidem
1145 851 1414 914 constitutionis

214 944 326 1022 quoad
347 941 579 1004 substantiam
599 944 699 1003 tenor
719 956 789 1002 una
810 955 886 1002 cum
908 937 1012 999 dictis
1033 936 1284 1036 variationibus
1305 936 1358 998 ita
1379 952 1415 998 se

214 1027 333 1090 habet.

257 1111 306 1172 “.1
329 1111 427 1184 Quod
448 1109 551 1171 unica
571 1110 708 1170 tantum
730 1106 1010 1169 Confraternitas
1030 1105 1182 1183 ejusdem
1202 1065 1359 1188 instituti
1380 1107 1414 1166 et

214 1195 347 1273 generis
376 1193 517 1256 institui
546 1192 656 1271 possit
684 1191 723 1252 in
751 1189 916 1253 Ecclesiis
944 1195 1017 1252 tam
1048 1189 1284 1251 Saecularium
1313 1206 1414 1267 quam

213 1279 264 1341 Re
324 1295 446 1341 arrum.

258 1277 459 1436 ‘gflQuod
448 1361 486 1424 id
506 1360 568 1423 flat
588 1361 631 1422 de
650 1376 816 1422 consensu
836 1357 1025 1437 Ordinarii,
1045 1362 1080 1420 et
1100 1375 1175 1420 cum
1195 1357 1338 1419 Litteris
1359 1355 1415 1419 'Ie-

214 1447 470 1510 stimouialibus
487 1445 649 1523 eiusdem.
651 1445 671 1478 ''

257 1532 307 1595 “.3
330 1532 429 1630 Quod
455 1529 747 1606 Gonfraterpitati
771 1529 941 1593 instituae
966 1532 1001 1591 et
1028 1533 1234 1607 aggregatae
1258 1543 1416 1606 expresse

214 1616 282 1680 et'
271 1633 322 1678 m
331 1615 443 1694 specie
464 1615 758 1677 communicentur
780 1612 961 1692 privilegia
983 1616 1019 1674 et
1041 1613 1277 1691 indulgentiae
1298 1612 1415 1674 Archi-

215 1699 498 1762 coniraternitati
533 1697 734 1761 instituenti
771 1699 824 1759 vel
861 1697 1064 1775 aggreganti
1100 1696 1305 1759 nominatim
1338 1714 1416 1764 con-

215 1801 339 1862 cessae,
363 1800 432 1845 non
456 1799 535 1845 vero
558 1799 598 1845 ea
622 1782 745 1860 quibus
769 1799 832 1861 per
854 1781 1072 1860 privilegium
1097 1781 1416 1843 communicationis

215 1869 352 1947 gaudet.

252 1951 302 2014 “4.
324 1951 423 2024 Quod
449 1953 584 2013 statuta
609 1948 945 2012 Contraternitatum
971 1948 1210 2011 examinentur
1236 1952 1271 2011 et
1298 1964 1416 2027 appro-

214 2036 341 2098 bentur
356 2035 399 2097 ab
414 2033 600 2096 Ordinario
615 2033 692 2113 loci,
707 2050 795 2113 quae
809 2034 852 2095 ab
867 2034 982 2095 eodem
999 2031 1125 2111 corrigi
1141 2037 1296 2112 possunt.

259 2119 309 2181 “5.
331 2120 430 2192 Quod
452 2118 585 2197 gratiam
606 2121 642 2180 et
663 2117 899 2194 indulgentiae
921 2117 1212 2180 Goniraternitati
1236 2117 1417 2180 communi·

216 2206 314 2266 eatae
331 2202 471 2281 praevia
490 2201 684 2280 cognitione
704 2201 882 2263 Ordinarii
902 2202 1085 2263 dumtaxat
1103 2202 1374 2280 promulgentur.

223 2336 225 2342 .
259 2285 309 2350 “6.
332 2287 436 2366 Quod
444 2284 722 2348 Oonfraternitas
734 2286 964 2362 eleemosynas
977 2285 1127 2363 excipiat
1139 2289 1174 2347 et
1187 2290 1304 2364 eroget
1316 2286 1417 2364 juxta

216 2371 363 2433 formam
381 2387 443 2450 per
460 2368 683 2431 ordinarium
702 2368 1009 2447 praescribendam.

259 2454 310 2516 “t.
332 2453 431 2528 Quod
464 2453 604 2516 litterae
638 2452 893 2531 aggregationis
928 2453 1038 2531 gratis
1073 2453 1211 2514 omnino
1245 2471 1285 2516 ac
1320 2456 1417 2516 nulla

217 2554 358 2618 prorsus
373 2538 525 2600 mercede
539 2536 643 2600 etiam
660 2554 681 2599 a
695 2541 818 2615 sponte
832 2537 996 2599 dantibus
1011 2537 1073 2599 sub
1089 2540 1272 2615 praetextu
1285 2554 1417 2617 quoque

217 2639 330 2685 merae
355 2621 586 2698 eleemosynae
611 2625 771 2699 acceptae
796 2621 949 2698 expediri
976 2624 1011 2682 et
1037 2622 1175 2684 concedi
1200 2622 1355 2699 debeant,
1382 2626 1417 2685 et

218 2707 428 2768 solummodo
452 2705 559 2766 titulo
584 2721 810 2784 expensarum
836 2721 898 2783 pro
924 2721 1138 2782 pergamena,
1164 2706 1339 2782 scriptura
1364 2707 1417 2768 vel

217 2787 1417 2952 Nullii0tilttltit¹tt¹¹tttolr,illitis‘ti

217 2957 447 3037 quantitatem
465 2974 554 3035 quae
571 2974 639 3017 non
655 2957 797 3019 excedat
813 2974 980 3019 summam
999 2961 1214 3020 scutatorum
1232 2976 1291 3042 sex
1309 2975 1418 3020 mone

216 3046 276 3105 tae
293 3041 496 3104 Romanae
484 3060 523 3102 m
542 3041 659 3119 Italia
679 3044 715 3104 et
732 3045 833 3104 extra
853 3039 984 3104 Italian
1003 3060 1072 3103 non
1091 3043 1233 3106 excedat
1251 3061 1417 3106 summam

217 3125 412 3190 libellarum
429 3127 531 3204 vulgo
548 3127 667 3204 fronca
683 3125 832 3204 triginta
849 3143 913 3207 pro
931 3127 1069 3205 singula
1087 3127 1330 3207 aggregatione
1347 3130 1419 3191 sive

218 3209 477 3274 confirmatione
490 3210 641 3289 recipere
654 3209 768 3273 liceat.

260 3293 310 3358 “8.
333 3294 432 3369 Quod
452 3294 589 3372 singula
609 3294 665 3357 hic
686 3294 852 3359 mandata
872 3298 907 3357 et
926 3311 1087 3376 expressa
1107 3295 1146 3357 in
1166 3297 1323 3360 omnibus
1345 3297 1418 3360 suis

217 3378 376 3458 partibus
395 3378 543 3441 fideliter
561 3377 794 3457 observentur,
813 3395 910 3442 secus
929 3378 1168 3443 institutiones
1188 3382 1242 3444 vel
1261 3399 1418 3460 aggrega·

217 3462 329 3525 tiones
357 3466 394 3526 et
422 3462 745 3525 communicationes
774 3462 1031 3542 privilegiorum
1061 3468 1096 3526 et
1122 3465 1418 3543 indulgentiarum

218 3545 349 3609 nullius
368 3546 440 3609 sint
459 3546 592 3608 roboris
610 3551 646 3609 et
664 3547 836 3624 momenti,
856 3552 891 3610 et
909 3548 1053 3626 quilibet
1074 3548 1295 3628 Superiorum
1316 3554 1418 3629 atque

218 3629 422 3692 Officialium
446 3631 652 3707 privati0nis
677 3630 871 3693 Officiorum
896 3650 983 3710 quae
1006 3634 1139 3696 obtinet
1163 3637 1266 3711 atque
1290 3635 1419 3696 inhabi-

218 3715 333 3778 litatis
355 3717 400 3780 ad
423 3715 486 3778 illa
507 3720 542 3778 et
565 3717 636 3779 alia
656 3716 695 3776 in
717 3720 892 3795 posterum
914 3734 1057 3793 poenam
1080 3735 1120 3780 eo
1142 3717 1218 3797 ipso
1240 3720 1418 3782 incurrent

218 3816 306 3878 quae
319 3800 361 3862 ab
376 3799 446 3861 alio
460 3817 561 3878 quam
575 3818 597 3862 a
609 3801 762 3863 Romano
775 3801 944 3864 Pontifice
958 3802 1090 3864 remitti
1105 3820 1172 3864 uon
1187 3803 1335 3882 possint.

262 3883 326 3944 “In
343 3901 486 3962 quorum
504 3885 656 3946 omnium
673 3889 709 3962 et
726 3886 939 3963 singulorum
958 3905 998 3949 ac
1016 3889 1251 3964 testimonium
1270 3890 1332 3950 has
1351 3889 1419 3951 Lit-

219 3972 313 4031 teras
329 3973 467 4032 nostras
484 3970 606 4032 exinde
623 3969 698 4032 fieri
715 3975 750 4033 et
767 3987 828 4049 per
845 3973 993 4034 Nostrae
1011 3973 1418 4036 ArchiconfraternitatIs

221 4051 450 4116 Secretarium
471 4053 640 4116 subscribi
661 4058 697 4116 et
718 4053 889 4133 publicari
911 4057 1148 4119 mandavimus
1169 4062 1205 4120 et
1226 4059 1418 4136 sigillorum

218 4136 329 4216 ipsius
345 4137 605 4238 l’roteetorisoet
621 4137 1028 4202 Arcbiconiraternitatis
1044 4141 1209 4218 iussimus
1225 4147 1260 4205 et
1276 4141 1419 4204 fecimus

219 4236 611 4369 apglellslcffieltnomnalglex
624 4307 699 4368 loco
714 4306 818 4370 solito
832 4312 972 4371 nostrae
987 4308 1270 4388 congregationis
1286 4329 1377 4374 anno

388 4405 603 4468 “Indictione
835 4409 892 4471 die
1139 4428 1253 4473 mense

388 4489 637 4552 “Pontificatus
833 4493 1102 4571 praesentibus.''
1140 4543 1147 4556 .
1192 4543 1200 4557 .
1244 4543 1252 4558 .
