3336 5166
232 422 269 480 90
393 501 395 508 Ι
488 427 538 485 Do
557 426 897 500 Goatrotmitotibaa
912 431 1155 492 Ecclesiastieia

232 620 429 685 sortiuntur
444 623 593 686 nomina.
631 627 674 687 In
689 626 788 688 Actis
805 627 954 718 Sanctae
969 627 1068 692 Sedis
1084 634 1251 693 vocantur
1265 630 1433 710 Ministri,

233 723 411 802 officiales,
430 726 750 790 Administratores.

273 825 407 888 Electio
418 827 564 891 istorum
577 829 899 906 administratorum
911 835 964 918 est
976 849 1118 912 prorsus
1130 833 1239 897 libera
1251 838 1286 898 et
1299 835 1430 898 nullam

231 928 334 990 habet
360 928 561 992 relationem
589 947 665 993 cum
692 933 875 997 validitate
901 935 1083 997 erectionis
1111 935 1431 1015 Ooniraternitatls,

231 1029 284 1092 uti
317 1032 415 1110 patet
446 1047 487 1094 ex
520 1033 739 1111 responsione
773 1034 899 1098 Sacrae
933 1036 1216 1116 Congregationis
1251 1039 1430 1117 Indulgen-

231 1131 360 1194 tiarum
392 1133 449 1196 die
481 1134 522 1196 18
555 1125 755 1198 Novembris
789 1137 881 1198 1842.
938 1139 1157 1216 Interrogata
1189 1139 1298 1201 enim:
1354 1142 1430 1202 “An

231 1251 366 1296 necesse
386 1235 444 1312 sit,
465 1235 528 1297 sub
548 1236 665 1298 eadem
686 1253 796 1316 poena
823 1237 1047 1316 (nullitatis),
1070 1245 1109 1302 ut
1130 1240 1430 1304 administratores

178 1323 181 1328 ’
229 1335 677 1417 eliganturi—Respondit:
746 1341 929 1419 Negative3
977 1342 1060 1421 quia
1108 1343 1429 1407 administratorum

230 1438 352 1500 electio
373 1438 442 1501 erit
467 1443 604 1502 tantum
631 1441 676 1502 ad
701 1441 827 1503 bonum
853 1443 1078 1505 sodalitatum
1105 1444 1265 1523 regimen,
1291 1445 1432 1522 minime

230 1555 309 1602 vero
329 1540 374 1601 ad
393 1540 610 1604 validitatem
630 1542 812 1605 erectionis
833 1545 1057 1608 necessaria.”
1328 1564 1334 1568 ’

272 1641 319 1704 Ut
337 1642 415 1722 quis
431 1642 469 1704 in
486 1643 812 1707 Administratorem
829 1646 958 1708 electus
975 1664 1049 1708 esse
1067 1647 1187 1726 possit,
1207 1665 1342 1711 necesse
1358 1653 1428 1712 est:

277 1743 331 1820 (a)
359 1743 407 1806 Ut
433 1748 468 1806 et
492 1743 567 1823 ipse
592 1745 640 1807 sit
666 1746 851 1809 membrum
880 1747 1188 1811 Ooniraternitatis
1215 1750 1429 1829 gaudeatque

229 1863 307 1907 voce
324 1846 472 1925 passivo.
510 1847 588 1908 Non
605 1850 750 1925 possunt
766 1848 857 1910 enim
874 1849 956 1928 eligi
974 1850 1012 1911 in
1030 1850 1339 1914 Administratores
1357 1868 1428 1931 per·

228 1963 332 2010 sonae
357 1948 401 2010 ad
427 1947 758 2012 Ooniraternitatem
783 1966 852 2012 non
877 1951 1089 2029 pertinentes
1114 1955 1149 2014 et
1176 1969 1282 2032 neque
1307 1953 1361 2015 illi
1386 1969 1428 2016 ex

228 2048 414 2126 sodalibus,
445 2050 504 2130 qui
534 2049 755 2114 inhabilitate
784 2052 877 2114 vocis
906 2053 1063 2132 passivae
1094 2053 1255 2116 laborant
1285 2055 1357 2118 sive
1385 2072 1427 2118 ex

228 2152 440 2214 statutorum
458 2151 700 2230 declaratione,
719 2152 791 2216 sive
808 2153 850 2216 ob
868 2153 1019 2233 aliquam
1039 2154 1185 2233 culpam.
1225 2156 1427 2235 Exemplum
1495 2221 1498 2228 ,

228 2252 312 2315 talis
326 2252 518 2330 punitionis
533 2253 680 2316 habetur
692 2254 730 2315 in
746 2256 891 2317 Decreto
907 2254 1034 2318 Sacrae
1048 2256 1333 2335 congregationis
1349 2258 1427 2337 Epi·

228 2371 407 2433 seoporum
423 2357 459 2417 et
474 2354 697 2434 Regularium
715 2355 828 2418 diali
845 2356 977 2435 Aprilis
995 2356 1087 2418 1761.
1125 2357 1324 2438 Fosotiltos,
1341 2358 1428 2422 dicit

228 2457 421 2534 Decretum,
454 2458 657 2519 secludetur
689 2457 732 2520 ob
765 2457 873 2534 officio
905 2459 1220 2536 superintendentis
1252 2461 1357 2523 etium
1389 2461 1428 2522 ia

227 2558 454 2637 posteram.¹⁴⁸

275 2661 329 2738 (b)
358 2660 466 2723 Debet
484 2677 558 2724 esse
577 2677 686 2739 capax
706 2660 1001 2723 administratoris
1022 2679 1161 2725 munere
1180 2663 1364 2743 iungendi3
1385 2679 1427 2727 ex

227 2779 267 2826 eo
278 2762 368 2826 euim
380 2763 471 2842 quod
482 2763 539 2841 ius
552 2762 750 2825 conceditur
762 2761 932 2842 Episcopo
944 2763 1113 2825 inhabiles
1125 2764 1337 2844 eliminandi,
1350 2765 1427 2844 ipse

228 2865 319 2927 ratio
338 2864 502 2943 suggerit,
522 2868 562 2926 ut
580 2863 607 2926 ii
626 2867 763 2926 tantum
783 2864 967 2943 eligantur,
987 2850 1045 2942 qui
1064 2882 1182 2927 revera
1201 2851 1342 2944 capaces
1361 2855 1427 2928 ex'i·

227 2966 425 3048 stimantur.
1142 3023 1145 3028 .

276 3069 325 3145 (o)
355 3068 403 3131 Ut
427 3068 558 3131 nullam
582 3067 707 3130 habeat
730 3067 930 3131 relationem
955 3070 1167 3156 personalem
1192 3075 1227 3133 et
1251 3071 1426 3151 propriam

228 3187 303 3231 cum
324 3169 410 3248 ipsis
430 3169 528 3232 bonis
548 3170 793 3249 temporalibus
815 3170 1141 3248 confraternitatis3
1163 3163 1317 3251 alioquin
1336 3177 1427 3236 esset

227 3273 343 3335 eodem
366 3275 519 3348 tempore
541 3269 646 3350 index
669 3275 705 3333 et
727 3289 809 3350 pars
833 3271 1049 3335 interessata.
1094 3273 1426 3336 administratorum

227 3373 317 3436 enim
340 3390 465 3435 munus
487 3375 550 3452 est,
573 3373 698 3435 bonum
722 3362 1031 3436 Contraternitatis
1055 3391 1138 3453 prae
1160 3375 1269 3438 oculis
1293 3375 1426 3439 babere.

227 3477 336 3536 Porro
355 3473 492 3538 difficile
510 3475 573 3537 hoc
592 3478 707 3555 posset
726 3474 796 3536 dici
815 3475 857 3536 de
875 3475 920 3536 iis
941 3475 1298 3554 administratoribus,
1312 3477 1371 3556 qui
1391 3481 1427 3540 et

228 3577 295 3656 ipsi
319 3577 356 3639 in
381 3577 482 3639 rebus
507 3575 744 3638 materialibus
768 3576 1077 3641 confraternitatis
1102 3581 1235 3656 partem
1261 3578 1426 3641 baberent

227 3680 335 3741 suam.
374 3677 625 3756 Suspicandnm
642 3677 758 3756 potius
774 3677 865 3740 toret
881 3677 974 3756 ipsos
991 3677 1144 3757 suipsius
1160 3680 1326 3742 bonorum
1342 3696 1426 3741 cura

227 3780 431 3860 praeprimis
450 3781 717 3859 praeoccupatos
734 3795 816 3840 esse.
1251 3777 1253 3782 '

269 3883 367 3955 Quod
397 3885 531 3960 spectat
560 3879 794 3943 reelectionem
824 3881 861 3942 in
890 3879 999 3942 officio
1028 3880 1334 3959 administratoris,
1363 3882 1426 3944 hoc

227 3985 356 4047 Sancta
377 3984 480 4046 Sedes
499 3981 705 4046 declaravit:
747 3982 957 4061 “Episcopus
976 3983 1155 4046 decernere
1174 3986 1288 4062 potest
1307 3988 1347 4047 ut
1366 3985 1426 4064 qui

226 4088 263 4148 iu
284 4086 583 4151 administratores
603 4088 836 4162 assumuntur,
857 4077 1004 4163 siugulis
1024 4085 1173 4147 triennis
1193 4090 1425 4163 amoveantur,

227 4205 287 4250 nec
305 4188 379 4250 sine
397 4186 548 4266 ejusdem
567 4203 733 4249 consensu
752 4186 1027 4252 confirmentur.''
1039 4186 1080 4221 ¹⁴⁹

269 4291 323 4352 Ad
337 4290 447 4369 ipsam
462 4287 791 4351 confraternitatem
804 4290 938 4365 spectat
951 4287 1008 4366 J'us
1021 4305 1109 4349 suos
1115 4287 1426 4351 Administratores

261 4471 288 4498 ¹⁴⁸
297 4468 449 4526 Analecta,
465 4467 532 4525 xil,
550 4479 616 4528 pag.
634 4467 677 4525 83,
693 4479 774 4518 num.
792 4466 852 4524 497,
870 4466 908 4518 ad
926 4466 1041 4518 III-nm.

261 4540 288 4566 ¹¹·
299 4537 327 4590 S.
343 4537 374 4589 c.
390 4537 420 4589 c.
436 4537 469 4587 in
484 4535 664 4595 Eorollvien,
681 4535 714 4587 21
730 4535 860 4596 Angumi
877 4536 945 4588 1784
962 4536 1139 4596 perampla.
1174 4536 1220 4586 Ad
1236 4537 1424 4588 solationem.
