3340 5170
498 373 548 429 De
568 371 906 444 confraternttottbaa
922 371 1164 428 Ecclesiasticia
1405 369 1441 426 25

244 569 394 630 alacrius
408 569 512 631 etiam
527 573 629 647 atque
643 570 747 632 etiam
762 570 973 648 insisterent,
988 587 1028 632 ac
1042 570 1154 632 tutius
1169 574 1441 648 assequerentur.

244 671 385 748 Deinde,
408 687 483 732 cum
506 671 691 750 primariae
714 671 934 750 sodalitates,
956 673 1083 734 Romae
1106 672 1307 751 praesertim
1330 674 1440 734 sedem

245 774 416 850 habentes,
433 773 546 841 dictae
562 773 983 851 Archiconfraternitates‚
1000 773 1092 835 inter
1108 774 1178 836 alia
1196 773 1385 850 privilegia,
1403 789 1442 835 eo

244 875 348 937 etiam
364 875 600 952 perfruantur,
615 879 655 937 ut
671 875 759 937 alias
775 876 978 937 sodalitates
994 893 1054 954 per
1070 876 1141 938 alia
1155 876 1264 938 totius
1281 875 1442 938 catholici

245 977 337 1038 orbis
367 979 442 1038 loca
473 994 658 1054 aggregare
687 977 831 1055 possint,
860 983 996 1056 'unaque
1025 978 1097 1039 illis
1127 977 1380 1054 indulgentias,
1402 994 1442 1039 ac

245 1079 452 1157 spirituales
468 1080 603 1140 favores
627 1079 693 1140 sibi
717 1079 914 1156 impertitas
938 1079 1210 1140 communicandi
1231 1079 1291 1157 jus
1316 1072 1442 1140 obtine-

245 1184 316 1258 ant,
342 1181 422 1242 hinc
447 1181 632 1257 accidebat,
658 1184 697 1242 ut
722 1181 784 1242 hoc
807 1180 912 1242 etiam
937 1198 978 1242 ex
1003 1181 1100 1242 fonte
1124 1197 1285 1258 persaepe
1310 1181 1442 1242 dubita·

234 1282 365 1359 tiones,
402 1283 492 1360 lites,
530 1282 685 1358 dissidia,
723 1281 859 1360 aliaque
895 1282 1108 1344 incommoda
1145 1284 1442 1343 subnascerentur.

246 1385 368 1462 Itaque
385 1401 412 1444 s.
430 1402 473 1445 m.
493 1384 646 1445 Clemens
666 1386 733 1444 ΡΡ.
752 1384 854 1461 VIII,
873 1383 1133 1446 saluberrimam
1153 1383 1442 1445 Constitutionem

244 1487 353 1548 edidit
371 1486 427 1547 die
444 1487 474 1546 7.
514 1485 708 1546 Decembris
728 1485 819 1561 1604,
837 1485 940 1561 incip.
959 1487 1205 1564 Quaecumque,
1223 1501 1309 1562 quae
1328 1485 1443 1545 solem·

245 1605 320 1648 nem
346 1591 449 1665 atque
472 1587 670 1649 canonicam
695 1587 852 1648 omnibus
877 1586 1073 1665 hujusmodi
1099 1586 1271 1648 sodalitiis
1297 1587 1442 1646 formam

245 1690 282 1750 in
301 1690 437 1751 modum
458 1689 650 1766 uniformis,
670 1688 1085 1766 constantisqueregulae
1105 1690 1291 1766 praeberet.
1333 1689 1443 1761 Quam

246 1791 535 1854 Constitutionem
555 1791 659 1852 etiam
680 1790 809 1852 SSmus
826 1793 867 1851 D.
887 1792 928 1851 N.
948 1791 1032 1852 Pius
1050 1792 1117 1851 ΡΡ.
1139 1791 1191 1850 IX
1210 1790 1390 1852 confirmat
1408 1793 1443 1851 et

245 1893 501 1955 inculcat-De
517 1910 584 1970 qua
600 1891 765 1954 uniformi
781 1910 821 1954 ac
837 1893 979 1953 solemni
995 1892 1106 1953 forma
1122 1893 1160 1952 in
1175 1891 1345 1953 erectione
1361 1891 1443 1953 Gou-

245 1995 507 2057 iraternitatum
522 1995 699 2071 servanda,
714 1995 781 2056 erit
796 2011 906 2056 sermo
920 1994 956 2054 in
972 1994 1124 2072 capitulo
1139 1992 1303 2071 sequenti.
1342 2009 1344 2016 ’
