3340 5170
474 460 524 516 De
543 458 883 532 Ooasrotemitotibos
898 459 1141 520 111111111111111
1382 461 1419 518 45

218 644 366 722 quodam
388 641 528 720 proprio
551 642 677 704 eisdem
701 642 889 705 Ordinibus
912 644 1085 722 competit.
1131 645 1228 707 Inter
1251 647 1314 709 has
1337 650 1420 710 sunt

219 746 443 808 recensendae
466 744 677 806 sodalitates
702 743 829 806 SSmae
852 744 1046 822 Trinitatis,
1067 747 1107 807 B.
1131 747 1176 809 M.
1201 747 1356 826 Virginis
1377 750 1419 812 de

221 849 337 910 Monte
353 848 518 924 cnrmelo,
536 863 667 908 necnon
685 863 705 907 a
725 847 859 924 Septem
879 847 1062 910 Doloribus
1079 866 1166 926 quae
1184 867 1203 910 a
1222 849 1419 928 respectivis
1440 851 1443 862 '

188 1003 190 1010 .
219 949 407 1011 Ordinibus
429 951 512 1010 sunt
533 947 719 1010 institutae
740 964 782 1011 oo
803 950 947 1025 proinde
969 951 1011 1011 ob
1033 950 1120 1029 ipsis
1142 953 1219 1029 iore
1243 953 1419 1016 ordinario

219 1051 431 1130 etpuatmss’
1171 1113 1173 1118 .

261 1151 585 1229 Ooniraternitates,
618 1166 763 1230 quarum
796 1151 923 1214 erectio
956 1157 1130 1216 reservata
1164 1157 1218 1216 est
1249 1155 1419 1218 exclusive

218 1255 405 1318 Ordinibus
434 1253 673 1332 Regularibus,
704 1253 909 1332 praecipuae
938 1257 1020 1315 sunt
1051 1259 1246 1334 sequentes:
1277 1256 1417 1320 confra-

220 1357 366 1421 ternitas
394 1356 491 1418 SSmi
516 1354 663 1432 Rosarii,
693 1355 890 1432 scapularis
916 1356 955 1417 B.
983 1357 1026 1417 M.
1053 1357 1208 1434 Virginis
1235 1361 1276 1423 de
1303 1361 1419 1422 Monte

220 1460 384 1536 Oarmelo,
410 1458 536 1522 SSmae
559 1457 742 1519 Trinitatis
765 1462 799 1520 et
823 1459 1099 1522 Ooniraternitas
1124 1461 1417 1540 chordigerorum.

220 1562 271 1624 De
288 1560 433 1638 singulis
450 1559 654 1638 singillatim
672 1575 782 1637 panca
798 1559 919 1622 dicam.

266 1663 319 1739 (o)
348 1660 662 1724 Oonfraternitates
683 1661 782 1723 ssmi
801 1661 938 1723 11111111
956 1662 1086 1740 erigere
1105 1669 1249 1742 possunt
1268 1670 1303 1728 et
1322 1667 1418 1729 insti·

216 1768 314 1827 tuere
343 1765 453 1825 solum
484 1763 626 1826 Ordinis
656 1765 819 1826 Fratrum
851 1763 1132 1827 Praedicatorum
1164 1767 1334 1845 Magistri,
1365 1771 1417 1832 vel

219 1866 351 1929 Vicarii
371 1867 562 1942 Generales,
581 1869 615 1928 et
634 1882 696 1942 per
715 1881 772 1928 eos
792 1866 950 1942 deputati
968 1870 1085 1943 patres
1105 1868 1255 1946 ejusdem
1278 1871 1418 1932 Ordinis

216 1968 323 2030 etiam
338 1968 376 2028 in
391 1967 626 2030 saecularibus
641 1967 803 2044 ecclesiis,
821 1970 861 2028 ut
876 1971 1014 2030 constat
1030 1986 1072 2030 ex
1088 1970 1261 2032 variorum
1279 1973 1419 2036 Pontifi-

217 2087 294 2132 cum
323 2068 616 2146 constitIonibus,
634 2071 669 2132 11
696 2065 875 2146 signanter
902 2086 943 2130 ex
972 2068 1227 2135 Constitutione
1256 2073 1347 2135 Sixti
1376 2077 1417 2136 V.

217 2171 321 2250 incip.
337 2173 430 2234 Dum
447 2171 647 2249 ineffabilia,
664 2171 724 2232 ubi
741 2170 815 2248 ipse
833 2170 995 2232 Pontifex
1013 2172 1201 2250 confirmat,
1222 2178 1257 2236 et
1276 2176 1418 2238 innovat

217 2273 451 2352 indulgentias
466 2276 502 2334 et
518 2271 699 2351 privilegia
716 2289 737 2334 1
755 2271 1077 2334 Praedecessoribus
1095 2274 1167 2336 suis
1186 2275 1417 2340 confraterni-

218 2376 350 2438 tatibus
367 2375 465 2437 ssmi
481 2374 635 2436 Rossarii
653 2389 820 2436 concessa.
858 2375 904 2435 Et
922 2375 1144 2438 Innocentius
1161 2378 1213 2438 XI
1232 2378 1268 2439 in
1287 2379 1417 2442 consti-

217 2477 352 2538 tutione
375 2476 479 2555 incip.
502 2476 639 2554 Maponi
660 2476 779 2552 Nobis,
803 2475 1018 2538 confirmavit
1041 2481 1077 2539 et
1100 2478 1266 2542 validavit
1291 2499 1416 2559 omnes,

217 2582 252 2640 et
271 2578 425 2656 singulas
445 2577 759 2640 confraternitates
777 2577 841 2638 sub
860 2577 965 2640 titulo
986 2577 1203 2642 Sanctissimi
1221 2583 1360 2644 Rosarii
1379 2585 1417 2646 11

216 2680 393 2759 quibusvis
412 2679 496 2742 11111
517 2679 659 2758 positas,
680 2681 716 2740 et
734 2678 930 2757 existentes,
951 2678 1033 2740 licet
1053 2681 1095 2741 de
1113 2698 1231 2743 earum
1252 2685 1417 2748 canonica

216 2784 260 2845 ab
277 2781 379 2843 initio
395 2781 573 2858 erectione,
589 2784 625 2842 et
641 2779 862 2841 institutione
878 2796 947 2841 non
963 2785 1148 2860 appareat3
1165 2787 1200 2844 et
1216 2801 1274 2846 eas
1290 2786 1328 2846 in
1344 2790 1433 2866 tam,

217 2884 332 2946 valido
347 2887 442 2945 statu
458 2900 540 2958 1111,
557 2886 592 2944 11
607 2883 680 2945 iore
698 2881 856 2958 decrevit,
870 2881 949 2942 acsi
963 2882 1042 2944 illae
1062 2884 1221 2946 canonice
1233 2892 1365 2952 erectae
1382 2895 1416 2952 et

215 2985 401 3047 institutae
416 2984 583 3046 fuissent:
599 2987 736 3045 servata
753 2986 868 3046 tamen
886 2984 1102 3062 caeteroquin
1121 2986 1416 3052 constitutionum

215 3090 251 3149 et
263 3088 485 3148 Decretorum
498 3085 646 3148 Sanctae
659 3084 757 3146 Sedis
769 3085 891 3161 forma,
903 3088 938 3146 et
951 3084 1176 3162 dispositione
1188 3089 1280 3152 circa
1291 3092 1415 3154 talium

216 3188 552 3251 Oonfraternitatum
572 3187 786 3261 erectionem,
808 3189 843 3248 et
864 3185 1129 3249 institutionem.
1153 3189 1220 3252 Hic
1241 3195 1416 3256 attenden-

216 3291 297 3352 dum
314 3295 366 3353 est
381 3307 524 3369 sequens
540 3288 643 3350 Sacra
660 3287 943 3365 Congregationis
960 3289 1160 3350 Decretum:

258 3407 341 3468 1747
382 3407 424 3467 25
445 3404 605 3483 Augusti.
646 3403 924 3465 confraternitas
946 3402 1007 3464 SS.
1028 3401 1175 3464 Rosarii.

259 3522 344 3584 cum
362 3520 574 3600 experientia
590 3522 799 3599 compertum
818 3518 875 3596 sit,
895 3518 1078 3579 nonnullas
1098 3515 1159 3578 SS.
1178 3511 1315 3576 Rosarii
1334 3510 1415 3572 (111-

215 3623 456 3686 fraternitates
499 3622 709 3684 auctoritate
751 3622 933 3682 dumtaxat
976 3617 1172 3693 Ordinaria,
1216 3611 1414 3690 irrequisito

216 3725 384 3803 Magistro
409 3725 570 3786 Generali
596 3725 664 3786 FF.
690 3723 831 3785 Ordinis
856 3722 1138 3784 Praedicatorum
1164 3717 1260 3795 erigi,
1287 3731 1326 3777 ac
1352 3730 1414 3793 pro

214 3828 287 3890 illis
311 3827 547 3905 Apostolicum
571 3828 678 3888 Breve
702 3841 777 3888 cum
802 3823 1028 3902 indulgentiis
1052 3822 1251 3898 cuicumque
1275 3817 1414 3878 Contra·

214 3929 376 3992 ternitati
399 3927 561 3991 canonice
585 3930 719 3990 erectae
744 3925 814 3988 sive
838 3925 1019 4003 erigendae
1044 3921 1251 4001 generaliter
1276 3917 1413 3981 concedi

215 4031 386 4094 consuetis
399 4029 567 4108 expedire,
580 4029 737 4094 nonnulli
748 4033 846 4090 extra
859 4029 995 4102 Urbem,
1008 4043 1047 4088 ac
1060 4023 1264 4103 praecipuae
1276 4020 1414 4098 quidam

215 4132 438 4196 ecclesiastici
462 4131 528 4192 viri
552 4134 588 4192 et
612 4129 792 4206 sanguinis
817 4127 999 4190 nobilitate
1023 4131 1058 4189 et
1083 4141 1215 4186 morum
1240 4120 1413 4201 probitate

215 4235 366 4313 insignes
387 4252 428 4296 ex
448 4233 594 4295 dioecesi
615 4230 884 4307 constantiensi,
905 4234 996 4292 recte
1016 4227 1231 4302 dubitarunt,
1253 4241 1333 4285 num
1355 4222 1413 4283 bu·

215 4337 363 4416 jusmodi
387 4334 674 4398 Oonlrateritates
699 4333 881 4395 canonicae
907 4330 1060 4408 reputari
1085 4330 1208 4394 valent,
1233 4344 1272 4388 ac
1297 4339 1413 4387 revera

216 4439 433 4500 subsistant?
483 4437 596 4510 Quare
625 4451 741 4497 eorum
772 4434 907 4496 nomine
936 4433 1015 4494 duo·
1034 4431 1228 4492 subinserta
1258 4427 1363 4490 dubia
1393 4444 1414 4487 1

217 4539 324 4603 Sacra
353 4539 624 4617 congregatione
653 4535 884 4614 Indulgentiis
915 4534 1095 4610 carrisque
1124 4530 1292 4609 Reliquiis
1306 4599 1308 4605 y
1321 4545 1414 4608 prae·

214 4643 327 4720 posita
347 4642 532 4704 decidenda
551 4642 694 4703 inerunt
712 4637 881 4702 exhibita:
956 4639 959 4645 '
