3340 5170
243 404 283 466 bb
501 408 552 466 De
570 407 909 481 communitatibus
925 407 1168 466 beokeiostiois

246 620 323 667 cum
341 602 573 682 applicatione
590 603 895 682 indulgentiarum,
914 620 983 665 non
1002 603 1109 682 secus,
1127 619 1168 666 ac
1187 603 1331 682 ipsemet
1349 617 1444 681 paro

245 706 329 768 cbus
346 705 400 767 vel
416 705 613 769 Moderator
630 704 962 768 Ooniraternitatis?

287 804 326 869 3⁰
351 807 476 870 Utrum
498 807 581 870 haec
602 807 717 870 omnia
738 807 865 885 absque
886 807 958 869 ullo
979 805 1131 868 fidelium
1154 804 1444 868 Oonirateruitati

245 909 556 987 adscribendorum,
575 925 636 970 seu
655 908 907 986 adscriptorum
926 909 1133 970 detrimento
1151 905 1227 970 fieri
1246 907 1403 986 possint?

289 1009 396 1073 Sacra
418 1009 645 1088 congregatio
667 1010 722 1072 die
743 1011 785 1070 22
806 1010 957 1088 Augusti
978 1009 1061 1072 1842
1082 1008 1277 1088 respondit:

287 1112 342 1173 Ad
355 1114 493 1173 l-um:
516 1111 690 1190 Negative,
704 1111 773 1172 nisi
785 1111 817 1174 ei
829 1111 925 1174 iacta
938 1110 1098 1174 fueritin
1111 1109 1326 1172 concessione
1339 1109 1444 1171 iacul-

246 1217 301 1277 tas
317 1213 562 1292 subdelegaudi
578 1213 745 1276 vicarium
762 1213 816 1274 vel
833 1212 940 1275 alium
958 1212 1203 1292 presbyterum.

286 1317 342 1377 Ad
355 1316 493 1377 2—um:
519 1315 698 1378 Provisum
713 1314 751 1376 in
765 1314 886 1394 primo.

286 1419 342 1479 Ad
354 1418 493 1480 3-um:
517 1417 692 1494 Negative,
707 1417 885 1478 deficiente
898 1416 936 1477 iu
951 1415 1127 1478 sacerdote
1142 1413 1367 1492 adscribente,
1383 1430 1449 1476 seu¹

243 1520 462 1583 benedicente
479 1517 635 1596 legitima
653 1518 871 1580 auctoritate.

285 1622 316 1684 2.
338 1622 392 1682 Ex
414 1621 507 1682 hisce
529 1620 675 1697 videtur,
698 1620 788 1698 quod
811 1619 842 1681 si
865 1619 1029 1682 admissio
1052 1619 1089 1680 in
1114 1616 1444 1680 confraternitatem

244 1721 422 1802 perficitur
443 1721 561 1800 aliqua
579 1720 823 1798 benedictione,
844 1721 898 1782 nti
918 1719 1122 1800 scapularis,
1143 1722 1178 1781 et
1198 1717 1338 1796 cinguli,
1359 1721 1443 1780 tunc

244 1824 435 1887 necessario
458 1823 496 1885 iu
519 1839 665 1902 persona
688 1821 879 1884 Directoris
902 1821 1092 1900 requiritur
1115 1820 1268 1898 dignitas
1292 1819 1443 1882 sacerdo

243 1925 337 2004 talis,
352 1942 429 1987 cum
445 1925 619 2003 diaconus,
634 1928 669 1986 et
682 1942 705 1986 a
719 1923 859 1985 fortiori
873 1923 984 1985 laicus
998 1923 1087 1986 talia
1101 1938 1203 2001 agere
1216 1938 1286 1983 nou
1302 1921 1421 2001 possit.

286 2026 333 2090 Si·
351 2043 430 2088 vero
455 2030 581 2105 agatur
606 2026 648 2088 de
674 2025 742 2105 piis
770 2024 1110 2103 Oongregationibus,
1137 2023 1340 2102 Unionibus,
1367 2027 1442 2100 etc,

243 2145 330 2207 quae
345 2129 475 2191 nullam
491 2126 617 2190 habeut
631 2144 694 2205 pro
707 2126 940 2204 adscriptione
954 2125 1123 2188 sodalium
1139 2125 1286 2186 formam
1301 2141 1342 2188 ac
1358 2140 1442 2187 cere

242 2229 402 2309 moniam,
420 2230 511 2292 etin
529 2229 653 2310 quibus
671 2229 787 2308 potius
806 2228 1002 2290 attenditur
1019 2232 1055 2290 et
1074 2228 1314 2290 consideratur
1331 2228 1443 2305 maior

243 2332 395 2394 fidelium
416 2347 587 2410 numerus,
609 2331 665 2409 J'us
686 2334 739 2393 est
759 2330 929 2409 Episcopo
951 2329 1186 2392 committendi
1207 2329 1380 2391 Directori
1402 2332 1443 2390 nt

242 2434 407 2496 instituat
426 2433 476 2495 sic
494 2433 604 2496 dictos
622 2433 798 2494 Zelotores
815 2434 850 2493 et
866 2431 1064 2510 Zeiotrioea,
1081 2430 1205 2511 quibus
1223 2430 1271 2492 sit
1288 2432 1443 2509 potestas

242 2535 355 2599 valide
367 2535 584 2598 adscribendi
595 2534 737 2613 inpiam
752 2533 995 2596 Societatem.⁸⁵
1030 2533 1208 2596 Firmatnr
1220 2533 1283 2596 hoc
1297 2535 1443 2596 Decreta

242 2638 338 2701 auth.
356 2637 429 2714 453,
446 2637 491 2699 ad
508 2637 549 2715 4,
566 2637 608 2698 de
625 2653 692 2714 quo
710 2636 751 2697 fit
766 2634 895 2697 mentio
912 2635 1017 2712 intra,
1033 2635 1170 2713 quando
1187 2634 1255 2697 erit
1272 2652 1382 2697 sermo
1399 2636 1442 2697 de
1512 2633 1516 2638 '

242 2756 311 2800 nou
330 2738 564 2802 adscribendis
582 2737 780 2802 absentibus
798 2737 843 2799 ad
861 2736 938 2813 pias
958 2735 1178 2800 Sodalitates.

283 2840 314 2903 3.
337 2839 446 2919 Saepe
461 2843 497 2902 et
513 2838 575 2902 alii
593 2837 793 2901 Sacerdotes
810 2839 1012 2900 facultatem
1030 2838 1187 2900 obtinent
1203 2838 1257 2899 vel
1273 2855 1295 2900 a
1312 2837 1441 2900 Sancta

244 2941 330 3004 Sede
349 2942 402 3003 vel
421 2960 442 3004 a
464 2940 705 3019 Superioribus
725 2939 893 3001 Ordinum
915 2939 1163 3017 religiosorum,
1184 2940 1238 3001 vel
1258 2940 1303 3001 ab
1323 2939 1441 3001 Archi·

241 3042 597 3119 confraternitatibns,
616 3040 833 3103 adscribendi
852 3040 968 3102 fideles
988 3040 1240 3102 Sodalitatibus
1258 3057 1280 3103 a
1300 3040 1333 3102 S.
1354 3039 1441 3102 Sede

242 3143 452 3224 approbatis.
495 3139 707 3222 Huiusmodi
730 3142 882 3205 facultas
906 3141 1113 3219 regulariter
1137 3158 1206 3203 nou
1230 3141 1438 3220 conceditur,

241 3246 311 3308 aiei
332 3263 397 3325 pro
418 3245 464 3306 iis
488 3245 582 3322 iocis,
603 3245 642 3305 ia
665 3245 788 3324 quibua
810 3244 1019 3321 respectione
1043 3243 1347 3321 confraternitates
1370 3260 1440 3304 ooo

240 3349 404 3410 esistunt.
446 3347 536 3420 Quid
557 3345 692 3423 possint
713 3363 813 3423 agere
833 3346 886 3406 vel
907 3344 1052 3407 debeant
1072 3344 1224 3422 praelati
1245 3344 1439 3407 sacerdotes

241 3449 462 3511 manifestum
488 3449 556 3511 erit
580 3465 622 3510 ex
648 3447 803 3526 sequenti
829 3447 1047 3524 resolutione,
1073 3463 1160 3525 quae
1187 3447 1365 3526 speciatim
1392 3465 1439 3509 re

240 3550 344 3629 spicit
361 3549 674 3612 (lenireternitates
692 3548 941 3627 Scapularinm.

282 3651 482 3725 Quaesitum
498 3651 585 3713 luit:

282 3755 407 3816 Utrum
438 3753 605 3830 sacerdos,
637 3752 696 3830 qui
726 3769 747 3813 a
777 3751 905 3813 Sancta
938 3750 1024 3812 Sede
1054 3749 1205 3812 obtinuit
1236 3751 1439 3813 facultatem

239 3855 459 3918 benedicendi
483 3855 679 3934 scapularia
703 3854 828 3916 babeat
852 3871 891 3915 eo
914 3853 990 3932 ipso
1014 3852 1216 3915 facultatem
1242 3853 1438 3932 imponendi

239 3958 386 4036 ipsamet
413 3955 712 4033 christifidelibus,
741 3960 775 4017 et
803 3957 935 4017 eosdem
962 3956 1179 4018 adomibeadi
1207 3955 1438 4036 Ooafroteroi·

241 4061 372 4122 tatibus
386 4078 408 4122 a
423 4058 545 4122 S.Sede
561 4057 761 4136 approbatis

282 4162 388 4225 Sacra
419 4160 646 4239 congregatio
675 4159 869 4239 respondit:
911 4160 1131 4238 Affirmative,
1161 4161 1213 4224 ita
1241 4165 1366 4240 tamen,
1398 4166 1438 4225 ut

241 4263 451 4341 Sacerdotes,
475 4263 535 4342 qui
559 4262 773 4342 praedictum
797 4261 971 4324 indultum
996 4262 1216 4324 benedicendi
1241 4264 1438 4343 scapularia

240 4367 283 4429 ab
312 4365 513 4444 Apostolica
543 4364 629 4427 Sede
658 4363 810 4442 legitime
838 4363 1062 4442 obtinuerint,
1092 4381 1194 4443 penes
1223 4381 1259 4426 se
1289 4365 1438 4427 habeant

273 4513 513 4574 “Moccherlanl
530 4525 575 4572 op.
593 4512 643 4565 alt.
661 4525 690 4563 n.
708 4511 786 4564 17⁷2.
