3340 5170
476 413 526 474 De
544 411 884 488 Ooosrotmitotibas
900 409 1144 472 Emissiosticis
1383 407 1420 468 st

204 635 207 640 ·
221 613 456 692 indulgentiis,
469 627 557 693 quae
569 613 721 693 eiusdem
735 613 1142 678 Archiconiraternitotis
1154 614 1314 695 propriae
1327 616 1420 676 sont.

222 716 421 778 Videbimus
447 715 538 780 enim
566 715 842 795 aggregationem
869 733 1083 796 nequaquam
1110 717 1186 780 tleri
1214 733 1323 796 posse,
1352 715 1421 778 nisi

222 817 501 896 Contratarnitas
534 817 579 884 ab
614 818 825 882 auctoritate
858 817 1091 882 ecclesiastica
1125 817 1224 898 prius
1259 815 1422 882 canomoe

221 921 335 984 erecta
354 919 473 983 luerit.

263 1022 311 1086 ut
333 1021 408 1102 ipse
431 1039 539 1086 novus
563 1021 677 1088 (lodex
702 1022 801 1086 Juris
827 1021 992 1086 onnomci
1017 1020 1207 1085 donnum
1230 1020 1422 1099 expositum

223 1123 414 1188 doctrinam
436 1123 628 1188 mudrmat,
671 1125 713 1186 lu
734 1123 984 1188 monoceron
1006 1123 1070 1186 708
1089 1122 1235 1202 legitur:

265 1225 579 1297 Contrateruitttes
607 1225 746 1294 nonnisi
775 1242 837 1308 per·
863 1225 1010 1289 tomulo
1037 1224 1220 1290 unctionis
1248 1225 1422 1288 decretum

223 1327 389 1391 constitui
407 1331 571 1408 possunt3
590 1345 653 1408 pro
673 1326 741 1408 piis
760 1331 875 1396 autem
895 1327 1080 1392 unionum
1099 1327 1225 1390 mlicit
1244 1325 1423 1390 ordinarii

223 1429 437 1512 approbatio,
452 1447 520 1510 qus
534 1429 686 1508 obtenta,
700 1429 807 1510 ipsse,
821 1429 903 1494 licet
916 1443 1083 1510 personae
1096 1429 1243 1492 morales
1255 1445 1325 1492 noo
1340 1427 1423 1506 sint,

223 1547 365 1614 capaces
401 1535 484 1596 sunt
520 1531 698 1596 oodnmdi
735 1531 868 1610 gratias
904 1531 1107 1611 spirituales
1142 1545 1183 1594 sc
1220 1529 1422 1610 praesertim

223 1633 468 1714 indulgentias.

266 1735 320 1800 Ex
345 1751 395 1813 eo,
419 1735 509 1814 quod
536 1731 712 1802 Sodalitas
737 1733 920 1815 omelibet,
945 1739 985 1798 ut
1010 1733 1238 1814 indulgentiis
1265 1733 1424 1813 gaudeat,

225 1837 347 1902 debmt
361 1853 435 1900 esse
449 1836 612 1900 canonice
625 1840 750 1915 erecte,
765 1853 936 1916 opponere
950 1836 1028 1916 pals
1044 1840 1171 1914 posset,
1185 1837 1263 1900 dari
1279 1835 1332 1899 rel
1347 1834 1425 1898 dari

224 1956 325 2027 posse
363 1937 575 2003 Sodalitates
612 1955 673 2002 seu
711 1938 788 2018 pias
827 1938 979 2003 Uniooss
1016 1937 1244 2018 indulgentiis
1282 1937 1425 2015 ditatos,

225 2040 380 2120 quamvis
403 2039 542 2104 formali
564 2040 736 2105 erectione
757 2044 908 2118 careant,
930 2039 1163 2104 ecclesiastica
1187 2039 1426 2102 tantummodo

225 2142 473 2224 approbatione
490 2141 653 2206 munitas.
691 2141 931 2222 Respondetor
946 2141 984 2206 io
1001 2149 1118 2206 rernm
1134 2157 1208 2205 esse
1224 2157 1266 2204 ex
1284 2140 1426 2220 speciali

227 2244 393 2308 Sanctate
407 2243 506 2310 Sedis
521 2244 646 2323 motio,
662 2244 715 2308 uti
729 2243 786 2311 tas
799 2247 853 2310 est
868 2243 977 2308 videri
992 2243 1030 2308 io
1044 2260 1149 2324 super
1163 2243 1273 2306 allato
1288 2242 1426 2306 canone

226 2347 298 2410 708.
334 2345 463 2410 meta
475 2346 566 2410 enim
578 2345 734 2410 Ecclesia
747 2346 789 2410 de
802 2344 967 2424 relisslone
979 2345 1208 2425 promovenda
1221 2362 1261 2409 ac
1274 2342 1426 2408 iidellum

227 2449 341 2512 solute
365 2465 501 2530 ιιοιιιροι
527 2447 689 2526 sollicita,
718 2446 916 2510 coelestium
942 2446 1183 2512 thesaurorum
1212 2446 1427 2509 concessione

227 2551 318 2614 illios
345 2567 426 2614 suos
453 2549 566 2614 allicit
593 2553 629 2614 et
656 2549 786 2614 excitet
814 2549 859 2612 sd
887 2548 1060 2628 quoslibet
1088 2565 1192 2628 opera
1221 2547 1363 2628 pietatis
1391 2551 1427 2610 et

206 2651 411 2718 ,charitatis
428 2652 626 2716 exercenda.
666 2652 715 2714 At
734 2667 850 2718 rerum
868 2655 922 2716 est
939 2651 1056 2728 etlam,
1075 2649 1277 2730 hujusmodi
1298 2649 1426 2712 Sodali·

228 2757 330 2833 tates,
356 2755 577 2835 qnondusqoe
601 2769 671 2816 oon
696 2753 829 2816 inerim
854 2753 1018 2818 cononice
1040 2757 1184 2830 erectae,
1211 2752 1304 2815 haud
1329 2767 1428 2831 posse

229 2855 682 2920 Archicontrateruitatibus
695 2855 885 2935 aggregari,
900 2871 961 2918 nec
976 2853 1120 2934 proinde
1134 2854 1282 2932 gaudere
1294 2853 1428 2932 privile

230 2958 297 3038 giis
317 2962 353 3022 ct
375 2957 612 3037 indulgentiis,
633 2957 757 3036 quibus
779 2957 915 3022 eaedem
936 2956 1350 3018 Archicontraternitates
1374 2955 1427 3019 vel

230 3059 519 3140 Congregationes
541 3059 733 3124 Primarioe
755 3063 837 3122 sunt
860 3063 1013 3122 ornatae.
1056 3059 1160 3122 Patet
1182 3059 1245 3120 hoc
1267 3074 1309 3121 ex
1332 3075 1429 3138 para·

229 3162 359 3241 grapho
377 3163 398 3224 3
415 3161 685 3226 Constitutionis
703 3161 888 3224 Clementis
907 3162 1000 3224 VIII
1019 3161 1308 3240 “Quaecumque''

273 3262 310 3326 Si
331 3263 370 3326 in
391 3261 625 3328 Sodalitatum
644 3279 726 3342 ergo
746 3263 916 3326 erectione
936 3262 1026 3326 desit
1047 3263 1262 3326 interventus
1283 3262 1428 3326 auctori·

230 3367 316 3432 tatis
336 3365 597 3444 ecclesiasticae,
618 3365 818 3429 sodalitium
838 3365 906 3428 erit
926 3363 1058 3443 laicale,
1080 3363 1224 3443 proinde
1244 3363 1320 3443 eius
1340 3363 1429 3428 bona

230 3471 375 3548 possunt
398 3467 545 3532 alienari
568 3467 695 3546 absque
719 3466 947 3547 dependentia
972 3467 1015 3530 ab
1041 3465 1251 3529 auctoritate
1276 3465 1429 3528 ecclesia·

230 3570 328 3633 stica.
371 3569 469 3644 Quod
499 3567 531 3631 si
562 3569 711 3648 gaudeat
741 3569 819 3646 iure
849 3571 1067 3646 patronatus,
1098 3572 1234 3647 tempus
1265 3567 1352 3630 utile
1384 3567 1429 3630 ad

230 3671 475 3735 nominandum
497 3674 550 3734 est
571 3670 822 3750 quadrimestre
843 3674 878 3732 et
900 3687 968 3732 non
990 3673 1192 3748 semestrae;
1215 3673 1250 3732 et
1272 3669 1303 3731 si
1326 3669 1429 3731 nomi·

230 3777 373 3837 naretur
399 3789 545 3854 persona
570 3772 724 3852 indigna,
751 3770 958 3837 Sodalitium
984 3789 1053 3834 non
1078 3771 1275 3851 privaretur
1301 3787 1363 3850 pro
1389 3787 1430 3832 ea

75 3957 80 3966 ·
158 3894 160 3899 ·
231 3875 304 3938 vice
321 3876 399 3955 iure
415 3875 519 3938 aliam
538 3873 791 3954 praesentandi,
809 3873 900 3936 sicut
917 3873 1101 3952 prirentur
1119 3873 1258 3950 patroni
1276 3871 1430 3936 ecclesie-

231 3976 320 4040 sticl.

272 4079 377 4142 Hisce
421 4078 629 4157 praemissis,
674 4079 823 4156 dataque
867 4077 1175 4141 confraternitatis
1220 4077 1430 4153 definitione,

231 4185 352 4258 sponte
366 4199 429 4244 sua
443 4181 598 4260 sequitur
611 4180 855 4259 interrogatio:
869 4179 955 4253 Quis
969 4179 1005 4241 in
1018 4178 1173 4242 Ecclesia
1187 4179 1428 4241 auctoritatem

232 4283 356 4346 habeot
385 4282 699 4345 Consisternitotes
729 4281 882 4360 erigendi
910 4285 945 4343 et
974 4279 1092 4359 quales
1122 4281 1193 4342 sint
1224 4297 1362 4343 normae
1391 4280 1429 4342 in

231 4385 424 4448 earumdem
447 4383 781 4448 Ooniraternitatum
802 4383 973 4446 erectione
993 4383 1203 4445 servandae?

274 4487 317 4549 In
337 4486 507 4550 erectione
527 4485 862 4549 confraternitatum
883 4486 951 4548 duo
971 4488 1054 4547 sunt
1074 4483 1318 4562 distinguendo
1340 4484 1430 4562 iura,

232 4606 366 4667 nempe:
384 4591 450 4650 Jns
466 4587 697 4664 ordinarium,
712 4591 747 4651 et
763 4589 827 4648 lus
843 4605 884 4650 ex
901 4585 1099 4664 Apostolico
1116 4584 1309 4662 Privilegio.
