3340 5170
233 401 271 466 ic
489 408 540 466 Dc
559 407 897 481 dossrctmttotibos
913 409 1156 470 doclcstoatlois

234 603 337 684 cipue
355 603 392 668 iu
410 605 612 672 sanctuario
626 605 857 690 andecimum
876 607 1068 670 euctmitus
1086 606 1225 687 publica
1242 606 1432 687 legltimum

148 727 152 737 ·
234 705 403 772 rationem
425 705 528 774 hebet
548 706 745 786 inquirendi
766 707 910 773 titulum
931 707 1176 772 lundutionnm
1198 723 1316 772 earnm
1338 723 1379 772 ac
1400 709 1432 774 si

234 807 422 886 producere
452 808 550 872 illum
582 813 763 886 nequeunt,
793 826 853 872 eos
882 808 1085 888 probibendi
1117 814 1153 872 et
1185 809 1434 889 supprimendi.

93 908 96 916 '
234 909 376 988 Agenda
397 909 460 972 hoc
482 910 582 974 modo
602 910 782 974 lectionem
804 927 956 976 severam
978 911 1065 993 ipsis
1087 913 1188 976 daret
1208 928 1250 982 sc
1272 929 1343 976 una
1364 912 1432 977 tru-

233 1010 382 1076 ternitas
398 1011 451 1074 ita
465 1028 650 1092 suppressa
666 1012 755 1076 alias
771 1013 908 1075 doceret
925 1017 966 1075 ut
982 1013 1020 1074 iu
1037 1012 1145 1076 oidoio
1163 1013 1432 1078 continerentur.

175 1145 179 1152 ·
234 1109 356 1180 utere
379 1113 471 1176 ratio
493 1129 581 1193 qnae
602 1113 776 1194 principos
799 1114 904 1178 etiam
925 1131 1027 1194 saepe
1050 1115 1206 1179 movebat
1228 1119 1270 1178 ut
1291 1114 1432 1179 Contra·

232 1214 459 1280 tarnitutibns
473 1218 674 1280 constanter
688 1215 919 1294 advigilarent
935 1216 1017 1280 haec
1033 1215 1114 1294 init,
1130 1216 1221 1296 quod
1236 1215 1346 1294 aliqui
1362 1215 1432 1294 pal-

233 1315 283 1380 lio
296 1333 395 1382 sacro
410 1316 643 1380 abutebantur
657 1318 701 1380 ad
717 1317 877 1398 politicas
892 1317 1163 1384 machinationes
1179 1317 1431 1398 cooperiendus.

233 1419 314 1493 dem
337 1418 381 1482 ab
402 1435 494 1483 anno
515 1418 599 1480 1212
620 1418 739 1482 Simon
761 1419 880 1482 mures
903 1419 1180 1484 Moutlortlensis
1202 1421 1431 1486 madum

233 1533 308 1586 oue
328 1519 430 1583 duxit
452 1520 589 1584 decreta
613 1520 767 1600 rigorose
790 1521 872 1600 iere,
894 1526 935 1584 ut
958 1523 1086 1584 abusus
1109 1522 1305 1600 huiuamodi
1330 1523 1432 1586 inter·

233 1619 372 1698 ciperet.
410 1621 537 1686 Nullus
552 1622 647 1701 baro,
663 1622 788 1702 inquit,
804 1623 957 1688 urbanus
974 1624 1092 1688 nullus
1108 1628 1172 1688 aut
1187 1625 1317 1688 ruralis
1333 1625 1432 1689 aude

233 1726 297 1787 ant
313 1722 386 1786 ullo
402 1723 502 1788 modo
518 1723 764 1803 obligationum
777 1726 882 1789 datae
897 1725 978 1789 idai
995 1728 1048 1789 vel
1064 1725 1252 1805 iuramenti
1269 1725 1431 1806 praestiti

232 1823 324 1890 inire
342 1824 380 1888 in
400 1839 611 1904 quacumque
630 1825 869 1904 coniuratione
887 1826 993 1891 etiam
1013 1829 1077 1890 sab
1097 1831 1281 1908 praetacta
1300 1827 1431 1890 contru-

231 1925 412 1992 ternitutis
432 1929 495 1991 aut
515 1926 661 1990 alterins
681 1925 852 2007 boni,an
872 1944 975 2008 saepe
993 1945 1035 1991 ex
1055 1927 1242 1992 mendaciis
1263 1928 1432 1992 muratus

233 2030 296 2106 est,
314 2027 383 2090 nisi
399 2027 437 2089 id
454 2028 517 2091 ilat
534 2028 767 2092 consentiente
783 2033 819 2093 et
836 2030 1049 2108 approbante
1065 2030 1203 2093 domiuo
1221 2030 1432 2110 supradicto,

232 2133 269 2193 et
285 2129 317 2192 si
336 2129 445 2208 aliqui
463 2129 610 2192 convicti
628 2129 761 2194 tuerint
778 2126 822 2194 de
837 2131 1035 2210 hujusmodi
1053 2131 1292 2210 conjuratione
1310 2135 1432 2194 contre

232 2231 346 2310 linum
370 2230 595 2310 (dominum,
612 2236 716 2296 erunt
733 2233 846 2312 quoad
864 2248 988 2312 corpas
1005 2236 1042 2296 et
1057 2230 1147 2299 bona
1171 2233 1294 2310 (vitam
1312 2236 1348 2296 et
1365 2233 1431 2296 ior·

233 2333 372 2410 mnam)
399 2332 438 2396 in
458 2331 535 2412 eius
556 2333 751 2397 omnimode
773 2335 954 2414 potestate.
997 2334 1096 2408 Quod
1117 2334 1149 2396 si
1173 2334 1313 2398 nonsit
1341 2335 1431 2412 (con-

232 2433 381 2513 jurano)
416 2437 537 2498 contra
566 2434 697 2499 dimum
727 2433 912 2513 dominum,
942 2435 1180 2513 coniuratores
1208 2435 1342 2500 solvent
1372 2451 1431 2500 ια

233 2534 369 2602 libellas
392 2537 541 2614 tantum,
564 2535 596 2598 si
618 2536 773 2614 barones,
796 2540 932 2600 centum
956 2535 1095 2616 solidos,
1119 2536 1150 2600 si
1173 2537 1315 2616 equites,
1340 2550 1431 2606 sext·

233 2636 332 2716 ginta
345 2637 485 2715 solidos,
500 2637 531 2700 sl
546 2637 682 2715 urbani,
696 2637 928 2717 quadragInta
942 2636 1082 2716 solidos,
1096 2637 1128 2700 si
1144 2638 1288 2717 rurales,
1303 2638 1431 2701 solidos

233 2739 368 2819 viginti:
412 2740 513 2801 Anno
536 2738 619 2801 13⁰6
641 2739 823 2819 Phihppus
846 2738 994 2801 Pulcher
1016 2739 1141 2802 realem
1164 2739 1313 2804 valorem
1336 2755 1432 2819 pecu·

234 2841 312 2906 uiae
325 2841 501 2902 lnilrmare
515 2843 660 2903 conatus
673 2842 737 2918 est,
751 2857 791 2904 eo
806 2840 874 2904 dne
887 2845 927 2902 ut
942 2840 1009 2902 sibi
1024 2843 1203 2918 argentum
1219 2845 1431 2920 procuraret,

233 2944 444 3022 quapropter
469 2941 616 3005 Parisiis
642 2942 813 3004 tumultus
840 2940 1018 3020 popularis
1044 2945 1184 3004 exortum
1210 2946 1274 3022 est,
1301 2943 1338 3004 in
1364 2959 1432 3022 qno

233 3043 418 3124 primarias
443 3047 561 3122 partes
585 3046 729 3120 egerunt
753 3059 878 3122 magna
903 3058 980 3105 oum
1006 3041 1247 3121 intrepiditate
1272 3042 1431 3124 maginni

233 3143 534 3209 confraternitatis
555 3143 734 3222 cniusdam
755 3145 795 3206 B.
817 3143 949 3208 Mariae
969 3143 1134 3222 Virginis.
1176 3145 1249 3208 Rex
1268 3144 1431 3212 irritatus

233 3246 344 3326 primo
364 3245 500 3326 quidem
521 3245 850 3308 Gontraternitatem
870 3246 1073 3324 suppressit,
1094 3245 1153 3308 sed
1172 3245 1298 3308 timens
1318 3245 1431 3324 mains

233 3349 361 3410 malum
380 3350 521 3428 propter
538 3363 696 3425 magnam
715 3347 861 3409 istorum
880 3346 1122 3424 magistrorum
1141 3349 1347 3428 potestatem
1367 3347 1432 3412 ori·

232 3455 361 3527 turon,
392 3466 467 3512 eam
500 3448 684 3512 restituere
716 3465 784 3510 non
817 3447 982 3511 tardavit.
1034 3449 1135 3510 Anno
1170 3448 1252 3510 1358
1285 3449 1431 3514 Carolus

142 3546 144 3556 '
232 3551 383 3626 Quintus
399 3550 603 3618 amnestiam
618 3549 805 3612 concedens
820 3550 913 3612 iuter
928 3549 1110 3612 seditiosos
1127 3550 1251 3630 quibus
1268 3549 1430 3630 pepercit,

231 3655 410 3718 enumerat
436 3651 736 3714 confraternitatis
761 3651 958 3728 cniusdam:
1006 3651 1171 3729 “Ignosco
1196 3650 1279 3730 illis,
1305 3650 1430 3731 inquit,

231 3755 322 3834 quod
338 3753 437 3833 qnasi
452 3753 683 3832 monopolium
699 3753 868 3831 quoddam
884 3769 1043 3830 magnam
1059 3751 1257 3816 societatem
1274 3753 1430 3818 fecerunt

232 3857 360 3920 dictam
378 3857 507 3918 Beatae
524 3855 656 3918 Mariae
672 3853 837 3932 Virginis,
855 3854 892 3915 in
910 3871 978 3934 qna
995 3853 1169 3916 iaciebant
1187 3853 1322 3918 diversa
1340 3854 1430 3933 jors·

231 3962 357 4036 menta,
375 3959 488 4036 pacta,
505 3959 540 4019 et
555 3956 694 4019 foedera
711 3960 832 4028 contra
849 3955 942 4017 nos.”

275 4059 457 4124 Sciendum
483 4062 537 4122 est
563 4060 678 4122 tamen
703 4059 793 4136 quod
819 4057 908 4120 telos
934 4055 1208 4120 inordinationes
1235 4071 1303 4118 non
1329 4060 1430 4122 erant

232 4162 407 4242 generales
426 4160 543 4224 necin
563 4159 678 4224 Gallia
698 4175 825 4238 necque
843 4159 881 4220 in
901 4158 1018 4235 Italia,
1038 4157 1097 4220 ubi
1117 4158 1430 4224 confraternitates

231 4264 270 4328 in
292 4262 421 4342 spiritu
445 4261 550 4342 primi
574 4261 720 4324 fervoris
745 4260 905 4324 vixerunt
930 4259 1141 4338 maximeque
1166 4275 1202 4321 se
1228 4272 1430 4339 propagare

232 4368 316 4430 runt
339 4365 481 4428 ineunte
504 4365 639 4428 saeculo
662 4363 767 4426 XIII.
812 4362 1003 4426 Audiamus
1028 4361 1120 4424 circa
1143 4361 1231 4424 hanc
1254 4378 1326 4424 rem
1350 4361 1431 4427 cele

231 4469 325 4532 brem
362 4465 605 4530 Ferrariamz¹⁸
652 4466 819 4528 “Ineunte
854 4463 992 4526 tandem
1030 4463 1165 4526 saeculo
1201 4463 1306 4540 XIII,
1343 4479 1420 4532 cum

266 4630 439 4689 ¹'Ferraria
455 4641 501 4689 op.
515 4628 566 4680 cit.
580 4639 608 4679 s.
624 4624 872 4683 confraternItas,
889 4626 945 4676 art.
962 4623 994 4681 1.‚
1010 4636 1039 4675 n.
1056 4623 1098 4674 86.
