3336 5166
220 412 258 472 92
476 414 527 472 De
546 392 885 486 controtemitottbuc
900 411 1144 471 Ecclesiasticir

263 602 361 677 Quod
384 602 513 666 attinet
534 602 617 681 iura
639 601 802 683 Episcopi
825 603 864 665 in
887 604 1221 667 Administratornm
1245 604 1419 682 electione,

221 704 303 768 baec
319 705 473 768 notanda
489 707 589 767 sunt:

268 808 321 884 (o)
348 806 541 886 Episcopus
555 823 624 868 non
638 810 753 885 potest
766 807 910 886 exigere,
924 808 1014 886 quod
1029 806 1308 870 Oonlraternitas
1322 809 1420 886 petat

219 908 263 970 ab
291 925 330 972 66
358 908 615 988 permissionem
643 925 723 970 snos
751 907 910 971 officiales
939 904 1098 986 eligendi,
1126 925 1187 970 nec
1215 907 1419 986 expectandi

220 1027 321 1072 sunm
341 1010 525 1072 adventum
545 1008 584 1071 in
604 1009 754 1072 comitiis
775 1010 835 1072 nbi
855 1008 943 1072 flunt
963 1010 1155 1072 electiones.
1200 1010 1420 1088 Interrogata

219 1113 310 1174 enim
334 1111 442 1175 86666
465 1112 737 1191 Gongregatione
760 1111 923 1174 06661111.
969 1112 1026 1172 An
1047 1111 1151 1174 liceat
1176 1109 1419 1174 Oonlratribns

220 1259 228 1276 .
273 1260 281 1276 .
325 1260 333 1276 .
376 1213 534 1277 devenire
573 1214 619 1277 61
657 1213 856 1276 electionem
898 1212 1093 1275 officialium
1137 1259 1145 1276 .
1189 1259 1197 1274 .
1242 1259 1250 1276 .
1293 1213 1419 1289 absque

218 1315 361 1378 licentia
411 1320 448 1378 61
499 1316 700 1379 assistentia
751 1315 1037 1378 Reverendisrimi
1088 1315 1418 1394 Episcopii—Resp.

219 1417 483 1481 Affirmative.²⁶⁸

267 1522 321 1598 (b)
348 1521 498 1582 Licitum
512 1523 566 1583 661
580 1523 696 1582 tamen
711 1519 881 1599 Episcopo
895 1537 956 1599 per
971 1537 1008 1582 se
1022 1520 1075 1582 661
1089 1537 1150 1601 per
1165 1538 1264 1583 snum
1281 1522 1419 1600 Delega-

219 1625 293 1685 tum
322 1622 485 1686 assistere
513 1621 673 1702 comitiis,
702 1622 761 1685 nbi
789 1622 971 1684 electiones
1000 1626 1231 1702 peraguntur3
1261 1623 1320 1685 661
1350 1639 1420 1685 666

220 1729 334 1803 potest
356 1740 464 1808 neque
485 1740 547 1802 per
568 1740 610 1799 se
626 1740 733 1802 neque
755 1740 816 1802 per
838 1740 938 1786 snum
961 1724 1163 1802 Delegntnm
1186 1726 1270 1787 dare
1292 1728 1418 1786 votnm.

219 1827 323 1890 Patet
340 1826 402 1888 boc
419 1842 461 1889 ex
476 1825 696 1906 responsione
715 1815 821 1888 86666
836 1825 1120 1904 congregationis
1138 1825 1301 1888 Ooncilii:
1342 1826 1419 1887 “An

219 1927 421 2008 Episcopus,
449 1944 509 1990 sen
537 1942 683 2007 persona
710 1927 754 1990 ab
781 1944 822 1989 eo
850 1927 1049 2003 deputanda
1076 1926 1186 2007 possit
1215 1925 1418 2005 suffragium

218 2030 475 2108 terrei-Resp.
516 2029 734 2108 Negative.²“

268 2132 318 2208 (6)
346 2132 402 2193 Ad
423 2130 632 2210 Episcopum
654 2147 734 2192 vero
757 2130 908 2210 pertinet
929 2130 987 2210 jus
1010 2130 1235 2194 confirmandi
1258 2130 1420 2194 officiales

220 2249 260 2296 ac
273 2233 451 2296 ministros
464 2251 486 2296 a
500 2233 675 2296 sodalibus
688 2232 760 2312 jam
774 2233 1021 2295 6661166166.ιω
1036 2231 1084 2294 Et
1098 2233 1160 2294 hoc
1172 2232 1229 2311 J'ns
1244 2231 1419 2294 conflrma-

219 2336 326 2398 tionis
348 2334 548 2398 extenditur
571 2335 676 2397 etiem
701 2351 805 2414 snper
829 2335 963 2397 sodales
989 2334 1049 2412 qni
1073 2352 1198 2396 munus
1223 2334 1418 2398 officialium

219 2437 289 2516 iam
315 2453 494 2500 exercuere
518 2440 553 2499 et
578 2453 662 2516 qnos
687 2437 821 2498 sodales
846 2437 972 2498 iterum
996 2436 1121 2514 eligere
1146 2437 1281 2498 vellent.
1329 2439 1417 2500 Nam

219 2539 309 2602 dixit
335 2539 442 2603 Sacra
467 2538 694 2618 Oongregatio
720 2537 883 2600 concilii:
931 2538 1028 2599 “Non
1055 2542 1200 2616 possunt
1225 2539 1418 2601 confratres

220 2640 422 2704 confirmare
442 2644 573 2702 veteres
595 2639 755 2703 officiales
778 2656 838 2701 seu
862 2641 904 2701 de
926 2656 1013 2701 novo
1035 2640 1160 2717 eligere
1182 2640 1242 2719 qni
1265 2644 1420 2703 recenter

219 2743 351 2805 luerint
367 2742 405 2804 in
422 2742 530 2804 6111616
547 2742 674 2819 absque
690 2741 832 2804 licentia
849 2740 1079 2804 061166611.168

260 2846 308 2907 Et
324 2845 414 2924 quod
432 2838 562 2906 dicitnr
577 2844 620 2906 de
636 2842 894 2906 confirmatione
910 2842 1097 2921 electionis,
1116 2843 1186 2905 dici
1203 2842 1286 2905 bene
1304 2847 1418 2922 potest

219 2947 261 3008 de
275 2946 508 3024 inquisitione,
524 2961 570 3007 an
584 2945 705 3007 electio
720 2944 836 3007 debito
850 2945 950 3006 modo
964 2948 1105 3022 peracta
1119 2943 1237 3006 inerit.
1275 2945 1417 3006 “Aucto
1508 2995 1513 3004 .

219 3049 308 3111 61166
325 3047 550 3111 confirmandi
564 3046 772 3124 electionem,
790 3045 876 3108 dicit
893 3046 1008 3124 Piton,
1023 3047 1168 3108 involvit
1184 3047 1289 3109 etiam
1305 3051 1418 3110 ancto-

219 3150 359 3213 ritatem
381 3148 453 3212 6116
472 3148 605 3212 adnexa
625 3146 786 3228 16616611,
808 3152 849 3210 61
871 3148 912 3211 16
932 3148 1130 3226 indicandis
1152 3149 1266 3212 dubiis
1287 3149 1417 3212 exortis

219 3252 257 3314 16
277 3251 372 3314 dicta
391 3249 585 3314 electione.”
597 3251 638 3287 ²⁶²

267 3353 323 3430 (d)
350 3354 470 3416 Potest
499 3352 643 3432 denique
670 3350 863 3431 Episcopus
892 3351 1053 3429 gravibus
1082 3353 1124 3415 16
1151 3353 1265 3415 666616
1293 3355 1418 3416 electos

219 3455 379 3518 officiales
405 3453 594 3534 provisorie
620 3453 835 3532 suspendere,
862 3470 1032 3531 novosque
1057 3454 1219 3533 66116666,
1245 3473 1288 3518 66
1313 3472 1419 3519 cansa

219 3557 279 3637 pia
291 3557 535 3620 detrimentum
546 3555 680 3635 capiat3
694 3572 764 3617 non
776 3558 891 3635 potest
903 3559 1019 3618 tamen
1032 3572 1137 3617 novos
1150 3557 1342 3620 confratres
1355 3558 1417 3620 ant

219 3659 379 3722 6111616166
394 3657 570 3721 definitive
584 3656 845 3720 66661116666.118

260 3760 360 3835 Quod
378 3764 512 3840 spectet
529 3776 609 3822 6666
626 3758 763 3821 modum
781 3756 949 3821 0111616166
967 3758 1125 3836 eligendi,
1144 3759 1206 3821 hoc
1225 3760 1300 3821 fieri
1318 3760 1418 3822 debet

220 3864 471 3942 capitulariter,
488 3861 525 3924 id
542 3864 595 3924 est
612 3861 651 3923 in
667 3859 817 3924 comitiis
835 3860 1060 3939 generalibus.
1100 3860 1206 3922 Nulla
1224 3877 1304 3940 ergo
1323 3877 1418 3940 repu-

219 3965 328 4029 tanda
348 3968 402 4028 est
423 3964 555 4042 electio,
576 3963 713 4026 etiamsi
735 3978 881 4042 persons
903 3962 946 4024 ab
969 3962 1140 4040 Episcopo
1161 3962 1270 4025 electa
1294 3980 1315 4026 a
1337 3979 1417 4024 non·

254 4162 282 4190 ²⁸
292 4161 321 4212 S.
337 4160 367 4211 0.
385 4159 416 4211 c.
433 4158 466 4210 in
482 4160 640 4219 Asculano,
658 4159 692 4210 21
710 4157 813 4209 Martii
830 4157 909 4216 1121,
927 4157 965 4210 61
983 4159 1068 4208 1·um.

252 4229 281 4258 ¹⁸¹
291 4227 413 4287 ibidem,
429 4227 467 4279 ed
483 4227 568 4278 1666.

254 4296 404 4354 ¹¹¹Lucldl‚
423 4307 469 4355 op.
488 4296 537 4347 clt.
556 4296 625 4355 cap.
644 4295 725 4354 vm,
743 4295 912 4354 paragraph
931 4294 955 4354 2,
974 4307 1054 4347 num.
1073 4295 1134 4348 152.

253 4366 281 4394 ¹⁸·
292 4365 320 4417 8.
335 4364 365 4416 c.
382 4365 412 4416 c.
428 4364 460 4415 ln
474 4365 662 4424 Eorottoteo,
678 4365 726 4415 dle
742 4365 775 4416 21
789 4365 863 4424 Aug.
880 4364 958 4423 1784,
974 4365 1151 4424 paragraph.
1167 4365 1213 4416 Ad
1229 4367 1416 4418 solutionem.

254 4433 680 4496 Ι’Ῥ116616111666661666.
698 4434 757 4492 155,
775 4445 856 4484 num.
874 4433 917 4484 tt.

253 4503 366 4554 ”Acta
381 4502 409 4554 8.
426 4502 519 4561 86116,
535 4502 603 4560 Xll,
619 4514 684 4562 pag.
701 4501 744 4554 21.
