3336 5166
482 437 533 494 De
551 435 891 510 Oontroternitotibns
907 439 1150 498 &eclesiasticis
1391 439 1429 498 st
1451 465 1456 475 ·

227 635 352 712 potest,
382 633 437 696 uti
466 634 537 712 jam
567 635 678 699 obiter
707 636 912 716 notavimus,
941 642 1016 700 tum
1046 639 1090 702 ab
1120 639 1311 719 Episcopis,
1341 644 1427 719 tum,

227 735 366 814 praevio
393 735 642 816 Episcoporum
671 724 847 817 consensu,
878 757 900 802 a
930 729 1171 818 Superioribus
1202 743 1427 805 Generalibus

227 838 451 916 quorumdam
484 838 653 901 Ordinum
686 857 746 902 seu
778 839 1088 920 Congregationum
1123 842 1372 922 religiosarum,
1406 862 1427 907 a

228 939 351 1018 quibus
380 939 516 1003 eaedem
548 941 759 1005 sodalitates
789 960 886 1004 suam
918 947 1079 1022 repetunt
1108 944 1284 1022 originem.
1336 945 1428 1007 Ante

228 1033 356 1103 annum
385 1042 467 1104 1887
496 1042 693 1121 huiusmodi
722 1044 799 1123 piae
830 1043 1040 1107 Sodalitates
1068 1046 1197 1124 passim
1225 1064 1247 1109 a
1275 1047 1427 1108 locorum

227 1142 424 1205 Ordinariis
449 1160 517 1204 non
542 1144 652 1206 solum
677 1145 907 1224 erigebantur,
932 1147 992 1208 sed
1017 1146 1122 1209 etiam
1146 1164 1188 1210 ex
1212 1147 1354 1226 speciali
1379 1148 1427 1208 in·

226 1229 325 1307 dulto
356 1230 576 1323 Apostolicae
606 1245 704 1308 Sedis
734 1235 960 1326 indulgentiis
991 1247 1205 1328 ditabantur,
1235 1247 1358 1328 quibus
1389 1247 1428 1309 in

227 1347 319 1408 Urbe
342 1347 509 1408 lruuntur
533 1347 741 1426 respectivae
764 1349 1176 1413 Archiconfraternitates
1200 1369 1260 1413 seu
1284 1352 1426 1430 Congre

226 1448 382 1526 gationes
398 1449 600 1527 Primarise‚
617 1451 701 1528 quin
718 1455 833 1513 tomen
849 1454 923 1514 nito
939 1453 1156 1515 cohiberetur
1171 1453 1295 1531 petitio
1313 1471 1427 1533 oppre-

225 1551 378 1630 9otionis
396 1551 639 1630 superioribas
659 1552 891 1615 Gerrerctibns.
1006 1564 1011 1572 ·

269 1651 533 1715 Considerantes
569 1653 705 1716 laudati
742 1653 942 1732 Superiores
979 1653 1189 1716 Sodalitates
1225 1655 1290 1718 tali
1327 1656 1426 1718 modo

226 1757 358 1817 erectas
375 1754 471 1816 nullo
489 1755 581 1817 inter
599 1773 635 1817 se
653 1755 789 1817 vinculo
808 1756 970 1835 conjungi
990 1774 1062 1819 com
1082 1759 1335 1821 sodalitatibns
1354 1761 1426 1820 Pri·

227 1856 358 1934 mariis,
384 1871 449 1933 que
474 1857 517 1918 ab
545 1856 744 1936 Apostolica
772 1857 857 1920 Sede
883 1860 937 1920 nti
963 1863 1083 1920 centra
1109 1859 1257 1922 aliarum
1283 1859 1427 1922 luerunt

227 1957 455 2036 constitutae
481 1958 737 2022 considerantes
762 1958 799 2019 in
823 1960 1017 2022 earumdem
1044 1959 1276 2022 Sodalitatum
1300 1962 1426 2023 bonum

226 2058 366 2121 minime
386 2076 524 2138 vergere
545 2060 714 2122 deiectum
737 2061 885 2122 unitatis
907 2063 1019 2139 quoad
1042 2061 1274 2140 directionem,
1297 2067 1332 2125 et
1355 2063 1427 2124 uni·

225 2161 417 2223 formitatis
438 2161 550 2239 quoad
573 2161 649 2240 pios
673 2179 767 2239 usus,
791 2178 907 2239 preces
931 2167 1157 2240 porrexerunt
1182 2163 1319 2227 summo
1342 2166 1427 2226 Pon-

226 2262 324 2340 tifici,
352 2266 521 2342 quatenus
549 2263 728 2325 decernere
755 2263 967 2343 dignaretur,
996 2269 1036 2328 ut
1064 2265 1102 2326 in
1131 2270 1304 2344 posterum
1333 2284 1426 2346 prae

227 2365 340 2427 dictae
360 2363 571 2427 Sodalitates
591 2365 663 2426 frui
684 2366 870 2428 nullimode
889 2366 1024 2445 possint
1044 2367 1280 2446 indulgentiis,
1301 2369 1426 2446 gratiis

226 2469 262 2529 et
288 2465 478 2545 privilegiis
499 2465 633 2528 eisdem
662 2465 1116 2530 Arcbiconlreternitstibus
1145 2469 1309 2531 Romanis
1339 2487 1361 2532 a
1391 2470 1425 2532 s.

228 2567 314 2630 Sede
342 2566 521 2644 concessis,
550 2569 619 2629 nisi
646 2569 779 2647 inerint
808 2570 934 2630 eisdem
961 2569 1427 2648 Arabicontroternitotibns,

226 2670 364 2749 praecio
383 2669 633 2748 Episcopornm
652 2685 829 2749 consensn,
849 2674 1053 2748 opprepctoe
1072 2688 1134 2750 per
1155 2671 1291 2732 litteras
1311 2674 1426 2750 poten-

227 2773 315 2833 tales
341 2773 384 2848 ab
410 2771 531 2833 iisdem
559 2771 802 2850 snpertoribns
831 2772 1054 2835 Generalibns
1080 2773 1267 2852 respective
1294 2773 1426 2850 ecpedi·

226 2874 341 2936 neas.
385 2872 517 2946 ouibus
538 2872 695 2951 precibus
718 2872 877 2934 summus
899 2873 1062 2935 Pontifex
1082 2857 1149 2934 neo
1170 2875 1238 2936 Pr.
1260 2874 1355 2935 xm
1374 2875 1426 2936 ue

226 2975 329 3052 aigne
343 2973 478 3052 annuit,
495 2990 555 3036 ceu
572 2974 708 3036 constat
724 2992 765 3036 ex
780 2973 971 3053 Rescriptis
988 2991 1065 3035 mox
1082 2975 1241 3037 citandis.

263 3076 575 3139 Contraternitater
600 3092 660 3137 seu
684 3075 904 3153 Sodalitstes,
928 3065 969 3138 de
992 3076 1116 3154 quibus
1138 3076 1320 3156 loquimur,
1343 3081 1426 3139 sunt

226 3180 422 3256 sequentes:

250 3280 329 3358 Ι(α)
358 3278 568 3341 sodalitates
594 3278 657 3340 sub
683 3277 788 3341 titulo
812 3279 1101 3341 denuntiationis
1126 3281 1166 3341 B.
1193 3280 1325 3341 Mariae
1353 3281 1426 3341 Vir·

224 3382 328 3460 pinis,
346 3399 432 3460 quse
449 3399 490 3443 ex
509 3381 612 3443 dictis
632 3384 803 3458 nequeunt
821 3381 859 3441 in
878 3383 1051 3460 posterum
1071 3382 1219 3458 gaudere
1235 3381 1426 3460 privilegiis

226 3486 261 3546 et
286 3483 512 3562 indulgentiis
537 3483 663 3544 eisdem
690 3483 867 3560 concessis,
894 3483 963 3544 nisi
989 3500 1010 3545 a
1036 3483 1239 3562 Praeposito
1266 3484 1426 3546 Generali

228 3584 412 3647 Societatis
443 3585 538 3664 iesu,
568 3584 706 3662 praevio
736 3583 999 3646 Ordinariorum
1030 3601 1206 3662 consensu,
1238 3584 1426 3664 Congrege-

225 3687 315 3749 tioni
338 3688 475 3748 Prinne
499 3687 690 3746 Primorice
713 3686 750 3746 in
775 3684 925 3763 Collegio
948 3685 1102 3747 Romano
1125 3685 1288 3748 existenti
1312 3703 1426 3765 aggre

226 3788 402 3866 gentur.¹l1

274 3891 327 3967 (b)
357 3889 567 3952 sodalitates
593 3890 710 3950 Bonoe
735 3888 860 3949 Mortis
885 3905 971 3966 quae
997 3888 1130 3966 pariter
1155 3892 1327 3966 nequeunt
1353 3887 1425 3948 frui

226 3991 461 4070 indulgentiis,
480 3991 549 4052 nisi
568 3991 610 4053 ab
629 3990 744 4052 eodem
762 3989 965 4069 Praeposito
983 3990 1143 4053 Generali
1163 3989 1196 4052 s.
1216 3992 1250 4052 J.
1269 3991 1425 4053 Archiso·

226 4094 367 4157 dalitsti
383 4094 421 4154 in
438 4093 581 4156 ecclesia
599 4092 660 4154 ss.
677 4092 834 4154 Nominis
852 4093 937 4154 Jesu
962 4093 1078 4170 (vulgo
1097 4092 1219 4154 chiesa
1238 4093 1293 4154 del
1311 4093 1418 4168 Gesdt

187 4223 193 4232 ·
226 4196 389 4259 existenti
410 4195 542 4258 fuerint
564 4194 820 4273 aggregatae.²⁷²

260 4393 288 4420 ¹³²
296 4391 495 4449 Rescriptum,
513 4391 546 4441 17
566 4390 748 4449 Septembris
767 4389 844 4448 1887,
863 4389 941 4448 apud
958 4389 1023 4440 Act.
1042 4389 1070 4440 S.
1090 4388 1182 4446 Sedis,
1200 4388 1257 4440 vol.
1275 4389 1339 4447 XX,
1358 4401 1423 4449 pag.

224 4459 287 4556 3⁸ss
297 4527 341 4579 Ol.
359 4526 438 4578 idem
455 4527 653 4586 Rescriptum.
