3336 5166
270 903 384 966 Natus
399 919 475 966 sum
490 919 581 966 anno
596 903 679 968 1888
693 903 732 968 in
747 921 851 985 regno
866 903 1040 984 Poloniae‚
1056 922 1125 971 non
1140 906 1241 988 longe
1256 924 1277 970 a
1293 905 1434 970 civitate

223 1003 422 1069 Varsaviaa.
473 1003 695 1069 vocationem
725 1022 807 1085 erga
838 1005 1061 1087 Seraphicum
1093 1005 1213 1070 Sancti
1244 1007 1422 1070 Francisci

223 1105 386 1170 Ordinem
409 1106 571 1188 conflens,
595 1107 853 1188 quatuordecim
879 1125 986 1172 annos
1009 1111 1124 1188 natus,
1147 1108 1186 1172 in
1208 1108 1422 1173 Palestinam

232 1208 301 1272 iter
321 1211 481 1290 arreptus
500 1226 575 1272 sum
594 1226 685 1273 anno
706 1210 799 1290 1902,
820 1226 896 1272 cnm
916 1209 1109 1274 intentione
1129 1210 1268 1273 Statum
1287 1208 1431 1289 Religio

230 1328 305 1373 cnm
322 1310 543 1394 smcipiendi‚
559 1328 636 1376 cum
653 1313 715 1374 hoc
732 1329 807 1376 mea
822 1312 860 1376 in
876 1312 999 1376 Patria
1015 1312 1129 1375 iacere
1145 1329 1213 1374 non
1231 1311 1428 1392 potuissem.

231 1415 354 1494 Itaque
369 1413 617 1493 Hierosolymis
633 1419 790 1494 receptus
806 1415 860 1478 ini
876 1414 914 1480 in
931 1415 1093 1478 Ordinem
1113 1415 1335 1496 seraphicum
1352 1417 1428 1480 mis·

224 1531 349 1596 susque
373 1516 412 1577 in
437 1515 626 1596 collegium
650 1517 944 1595 Emmauntinum‚
970 1517 1028 1580 nbi
1052 1534 1114 1596 per
1137 1522 1209 1580 tres
1234 1535 1344 1581 annos
1368 1518 1422 1582 lit·

221 1622 333 1681 terum
356 1617 533 1681 elementis
556 1635 694 1696 operam
717 1618 805 1681 dedi.
849 1619 997 1682 Posthac
1022 1619 1147 1692 missus
1171 1619 1224 1682 ini
1248 1621 1419 1694 Nazareth

221 1721 267 1783 acl
282 1720 445 1800 tyrocinii
461 1737 590 1783 annum
607 1720 852 1801 complendum.
1099 1741 1103 1748 ’

271 1822 513 1902 Philosophiae
529 1839 666 1902 operam
684 1823 721 1884 in
739 1821 961 1886 conventibus
979 1821 1100 1886 Sancti
1117 1823 1141 1885 J
1143 1823 1265 1887 oannis
1282 1823 1320 1886 in
1336 1823 1427 1886 Mon·

227 1927 313 1987 tana
334 1941 375 1987 ac
395 1924 593 1988 Bethlehem
615 1923 704 2004 dedi,
724 1924 926 2003 theologicis
948 1940 1027 1987 vero
1048 1925 1175 1987 studiis
1196 1942 1257 2004 per
1278 1929 1427 2005 quatuor

224 2042 332 2094 annos
347 2026 594 2106 Hierosolymis
608 2026 736 2090 vacavi.

262 2127 363 2191 Anno
379 2128 518 2191 Domini
533 2129 614 2191 1912
629 2129 673 2192 ad
689 2129 917 2193 sacerdotium
931 2131 975 2194 ab
991 2129 1066 2208 ipso
1080 2131 1284 2194 Patriarcha
1300 2131 1418 2196 Hiero·

220 2231 428 2312 solymitano
449 2236 626 2311 promotus
648 2231 711 2311 ini,
736 2249 776 2295 ac
799 2232 920 2296 statim
943 2249 1167 2313 permagnum
1190 2233 1294 2296 habui
1318 2233 1417 2296 hono

228 2351 309 2412 rem,
330 2335 371 2396 ut
392 2332 430 2394 in
451 2333 633 2396 Familiam
655 2334 851 2398 Conventus
874 2335 1091 2398 sanctissimi
1115 2336 1295 2414 Sepulchri
1317 2354 1424 2400 essem

226 2435 390 2514 adscitus,
407 2435 467 2498 ubi
485 2453 547 2516 per
563 2441 713 2515 quatuor
730 2437 903 2515 permansi
921 2455 1062 2501 menses.

269 2535 353 2599 Chim
389 2538 617 2602 necessarium
653 2537 763 2602 visum
799 2536 869 2604 iuit
904 2540 941 2602 in
978 2539 1262 2604 Commissariatu
1298 2541 1423 2614 Terrae

218 2638 367 2703 Sanctae
379 2657 442 2720 pro
454 2640 612 2705 America
627 2641 917 2722 Septemtrionali‚
930 2645 970 2706 nt
983 2643 1076 2707 inter
1088 2643 1176 2707 alios
1189 2645 1312 2708 Patres
1325 2661 1415 2707 unus

217 2742 340 2805 saltem
360 2741 514 2822 linguam
535 2744 676 2809 calleret
696 2743 898 2825 polonicam,
919 2762 996 2808 mox
1016 2744 1133 2823 J'ussus
1153 2763 1229 2807 sum
1249 2745 1322 2808 illic
1342 2762 1415 2824 pro·

218 2842 334 2907 ficisci.
373 2843 472 2919 Quod
489 2845 624 2926 quidem
643 2845 720 2925 ieci,
738 2864 779 2910 ac
797 2863 936 2924 operam
953 2865 1061 2911 meam
1081 2865 1143 2929 pro
1162 2849 1268 2912 Terra
1287 2848 1416 2912 Sancta

216 2945 272 3010 hic
286 2945 380 3010 inter
394 2945 510 3010 fideles
525 2948 674 3013 Polonos
688 2948 836 3013 libenter
850 2951 998 3030 praesto.
1065 2933 1067 2938 ’

259 3049 360 3111 Anno
377 3049 459 3112 1915
474 3048 568 3118 inter
582 3050 738 3114 alumnos
757 3050 955 3116 Catholicae
972 3051 1219 3116 Universitatis
1238 3052 1414 3117 Americae

223 3150 522 3230 Septemtrionalis
541 3170 594 3215 me
614 3153 793 3232 adscripsi,
814 3153 874 3216 nbi
892 3154 992 3217 Adm.
1011 3155 1090 3218 Rea
1111 3156 1172 3217 Dr.
1192 3155 1252 3218 Ph.
1274 3155 1418 3220 Bernar-

205 3241 291 3316 ‘dini
306 3251 472 3332 auspiciis
487 3253 587 3317 Jurts
603 3254 767 3318 canonici
783 3256 910 3321 studiis
926 3255 1077 3321 incubui.

258 3353 318 3420 Illi
338 3371 420 3435 ergo
441 3354 633 3436 praecipue,
654 3356 714 3440 qui
735 3374 868 3422 summa
889 3375 954 3423 sua
975 3359 1134 3424 doctrina
1154 3363 1257 3438 atque
1277 3361 1412 3424 benevo·

220 3456 329 3521 lentia
347 3457 467 3538 juvare
487 3473 627 3522 menon
646 3457 802 3536 cassavit,
822 3459 944 3540 dignas
963 3465 998 3525 et
1018 3474 1109 3526 nnnc
1128 3463 1284 3542 persolvo
1303 3466 1417 3544 grates

219 3561 402 3641 etsempar
414 3577 516 3641 quam
531 3559 698 3625 maximas
712 3560 851 3629 habebo.
1419 3557 1422 3567 ⁴
