3336 5166
522 333 573 392 Dc
589 333 929 406 confraternitatibus
941 333 1184 392 Ecclesiastico}
1399 331 1456 391 103

254 533 381 612 poenis,
403 531 551 596 arbitrio
571 534 724 614 ejudem
746 536 892 598 nomam
916 537 1096 600 1111111
1119 554 1182 616 pro
1203 536 1369 615 temporis
1390 535 1456 598 exi

255 636 380 698 stantis
400 636 626 716 imponendis.
670 639 722 701 Ne
744 642 859 701 autem
881 639 985 716 longo
1007 639 1172 718 temporis
1194 640 1341 702 decursu
1363 655 1457 716 prae

255 737 341 800 dicti
361 739 490 801 decreti
509 738 635 801 oblivio
652 739 781 818 induci,
800 757 841 803 ac
861 742 973 804 denuo
992 741 1120 804 abusus
1140 742 1290 821 irrepere
1310 741 1455 820 possint,
1572 813 1575 820 ,

256 839 363 903 Sacra
380 840 608 918 Gongrcgatio
624 843 856 920 Indulgentiis
874 843 1056 922 Sacrisque
1072 843 1241 922 Reliquiis
1257 843 1456 923 praeposita

256 942 375 1005 habita
401 943 457 1004 die
483 943 503 1004 9
529 943 662 1022 Aprilis
689 945 772 1006 1720
799 945 949 1008 decrevit
975 949 1079 1024 atque
1104 945 1282 1007 mandavit
1308 945 1456 1024 singulis

256 1044 454 1122 Ordinibus,
479 1045 725 1124 Religionibus,
752 1047 933 1109 Institutis
958 1051 1062 1126 atque
1086 1047 1457 1110 Archiconiraternita·

254 1147 359 1225 tibus,
377 1164 560 1226 eorumque
579 1146 830 1227 Superioribus,
850 1149 1021 1211 ministris
1039 1152 1143 1228 atque
1160 1149 1362 1211 officialibus
1379 1165 1457 1227 quo-

196 1259 197 1274 *
251 1247 398 1327 ‘cumque
412 1249 548 1312 nomine
563 1250 783 1328 nuncupatis,
798 1254 839 1312 ut
854 1265 917 1329 pro
931 1250 1152 1330 expediendis
1165 1250 1295 1312 litteris
1310 1249 1456 1329 patenti·

257 1351 320 1414 bus
345 1339 638 1429 aggregationum,
662 1369 723 1413 seu
746 1352 863 1431 potius
887 1369 951 1432 pro
975 1353 1116 1416 illarum
1140 1353 1298 1430 expensis
1323 1352 1458 1431 quibus·

256 1469 398 1532 cumque
420 1452 508 1514 nihil
530 1453 625 1515 ultra
647 1471 753 1514 unum
776 1457 951 1516 scutetum
974 1471 1116 1516 aureum
1136 1456 1199 1516 sub
1221 1454 1341 1534 quovis
1363 1471 1457 1532 prae

255 1557 364 1633 textu,
383 1558 445 1617 aut
463 1555 618 1633 quaesito
637 1555 758 1633 colore,
776 1555 881 1618 ctiam
898 1571 919 1618 a
937 1559 1059 1635 sponte
1077 1556 1251 1634 dantibus,
1269 1559 1333 1618 aut
1350 1556 1457 1618 titulo

256 1657 488 1734 eleemosynae
501 1656 651 1736 recipere
664 1657 825 1734 audeant,
839 1660 903 1720 aut
916 1657 1024 1736 recipi
1038 1643 1244 1737 permittant
1257 1658 1321 1719 sub
1335 1657 1457 1718 iisdem

256 1759 375 1838 poenis
392 1759 563 1820 contentis
580 1757 618 1818 in
635 1775 742 1837 supra
756 1762 944 1821 memorato
961 1760 1097 1822 decreto
1114 1760 1208 1822 edito
1225 1760 1280 1822 dei
1298 1760 1318 1822 6
1336 1759 1458 1821 Martii

257 1859 350 1940 1608,
387 1878 430 1923 ne
466 1851 772 1923 confraternitates
809 1862 1046 1938 aggregandae
1083 1861 1277 1939 sumptibus
1313 1860 1457 1922 nimium

257 1966 454 2042 graventur,
467 1965 503 2024 11
516 1965 557 2025 11
570 1979 686 2024 omnes
700 1961 910 2042 intelligant,
924 1962 1086 2026 coelestes
1100 1963 1263 2026 ecclesiae
1277 1965 1458 2026 thesauros

258 2083 327 2127 non
341 2068 505 2144 quaestus
520 2067 583 2126 aut
596 2063 745 2142 alicuius
757 2064 847 2126 lucri
861 2081 977 2144 causa,
991 2065 1051 2128 sed
1066 2065 1112 2127 ad
1126 2064 1290 2143 pietatem
1306 2063 1459 2126 fidelium

256 2167 474 2230 excitandam
494 2183 536 2229 ex
556 2166 776 2246 Apostolicae
799 2166 897 2230 Sedis
918 2166 1131 2246 benignitate
1152 2166 1311 2247 aperiri.”

301 2267 368 2331 Sed
395 2271 431 2330 et
459 2269 541 2332 haec
569 2267 756 2347 disciplina
784 2267 945 2346 mitigata
973 2269 1119 2331 decursu
1147 2269 1311 2348 temporis
1340 2269 1460 2333 mitior

257 2371 369 2434 adhuc
392 2369 518 2433 evadit.
562 2371 651 2432 Nam
674 2386 765 2432 anno
788 2370 870 2434 1861
895 2369 1179 2434 (1118111111ίί
1201 2387 1264 2450 per
1284 2372 1458 2433 decretum

258 2472 383 2535 “Urbis
403 2476 439 2535 et
459 2471 581 2534 Orbis'’
602 2473 687 2535 (1111
706 2475 759 2534 est
778 2471 930 2535 11111111
950 2471 1137 2551 recipiendi
1158 2472 1196 2534 in
1216 2473 1459 2551 aggregatione

258 2575 461 2656 peragenda,
477 2573 583 2636 titulo
599 2557 835 2652 expensarum,
853 2591 1020 2636 summam
1036 2574 1222 2653 poecnniae
1238 2591 1326 2654 quae
1341 2579 1460 2638 tamen

259 2693 328 2738 non
346 2676 489 2738 excedat
507 2675 657 2754 triginta
674 2675 776 2753 vulgo
794 2675 922 2754 froccos.
963 2675 1019 2737 En
1037 2693 1120 2756 pars
1139 2674 1235 2738 illius
1255 2677 1384 2739 decreti
1403 2693 1459 2739 au·

256 2777 414 2856 theutini,
431 2795 518 2856 quae
535 2778 580 2839 ad
597 2793 668 2839 rem
686 2779 841 2840 nostram
858 2780 1010 2856 spectat:

300 2879 330 2942 “.
375 2927 383 2942 .
427 2925 435 2942 .
479 2879 577 2954 Quod
607 2878 747 2941 litterae
776 2878 960 2942 erectionis
990 2883 1027 2942 et
1057 2878 1313 2960 aggregationis
1345 2880 1457 2959 gratis

258 2982 397 3044 omnino
413 2999 453 3046 ac
469 2981 566 3043 nulla
580 2997 722 3061 prorsus
739 2981 891 3044 mercede
906 2981 1011 3044 etiam
1029 2999 1050 3044 a
1066 2984 1188 3060 sponte
1200 2981 1378 3061 dantibus,
1395 2981 1459 3045 sub

190 3119 191 3122 =
258 3087 442 3164 praetextu
459 3099 592 3163 quoque
610 3098 722 3146 merae
740 3083 972 3162 eleemosynae
990 3086 1140 3164 accepta,
1160 3084 1314 3164 expediri
1331 3088 1367 3147 et
1386 3073 1460 3147 con-

260 3187 336 3250 cedi
351 3186 496 3265 possint,
514 3189 550 3248 et
566 3185 777 3247 solummodo
794 3185 900 3248 titulo
919 3203 1144 3264 expensarum
1163 3203 1226 3263 pro
1245 3202 1460 3266 pergamena,

257 3287 437 3366 scriptura
471 3287 525 3349 vel
562 3286 798 3366 impressionis
836 3287 1019 3384 stipendio,
1060 3288 1253 3367 sigillorum
1291 3289 1460 3367 expensis,

134 3437 135 3442 1
258 3389 443 3470 chordulis,
480 3404 568 3468 cera,
607 3389 798 3474 8111111111
827 3379 1032 3470 Not'ariique
1066 3391 1183 3453 labore
1219 3391 1272 3453 vel
1308 3391 1461 3454 mercede

258 3492 405 3572 aliisque
421 3491 588 3570 omnibus,
604 3509 679 3555 eam
696 3491 927 3571 quantitatem
944 3509 1031 3573 quae
1047 3509 1117 3554 non
1134 3494 1276 3556 excedat
1292 3510 1459 3556 summam

258 3595 454 3659 libellorum
476 3595 577 3673 vulgo
592 3594 718 3673 ,111111
738 3594 896 3672 triginta,
919 3611 982 3674 pro
1004 3594 1142 3672 singula
1163 3594 1385 3658 institutione
1407 3595 1461 3658 vel

259 3697 503 3776 aggregatione
520 3701 581 3760 aut
599 3696 859 3759 confirmatione
875 3696 1026 3775 recipere
1043 3696 1177 3759 liceat.’'

300 3799 348 3861 Et
364 3799 446 3862 haec
464 3797 649 3878 disciplina
666 3813 774 3876 usque
792 3814 883 3860 nunc
901 3801 1096 3878 perseverat
1115 3798 1404 3878 confirmaturque
1421 3798 1460 3862 in

258 3917 346 3964 novo
359 3900 484 3976 Codice
496 3899 520 3962 J
521 3901 595 3962 uris
607 3897 783 3978 canonici,
798 3897 1021 3978 0111111723,
1035 3901 1252 3978 paragrapho
1264 3896 1335 3962 V⁰z
1371 3899 1460 3962 “Iit-

259 4007 355 4068 terae
368 4002 623 4083 aggregationis
635 4001 864 4080 expediantur
876 4001 986 4080 gratis
999 4001 1138 4063 omnino
1153 4019 1193 4064 ac
1207 4001 1304 4063 nulla
1318 4018 1460 4079 prorsus

259 4105 412 4168 mercede
427 4103 532 4167 etiam
548 4107 672 4184 sponte
687 4105 815 4183 oblata,
831 4104 982 4183 exceptis
999 4103 1201 4166 necessariis
1218 4103 1407 4182 expensis.’'

301 4208 352 4270 11.
373 4205 525 4285 Regulae
544 4207 732 4269 servandae
751 4207 795 4270 ab
815 4205 1269 4269 Archiconiraternitatibus
1287 4205 1325 4266 in
1346 4221 1461 4284 aggia

259 4309 456 4388 gationibns
471 4309 685 4387 peragendis,
701 4307 898 4371 summatim
915 4310 1072 4387 sumptae
1087 4306 1312 4370 inveniuntur
1326 4306 1364 4368 in
1380 4307 1461 4373 For·

258 4411 362 4488 mula,
381 4427 469 4490 quae
486 4427 628 4473 numero
646 4410 687 4474 13
704 4410 808 4489 hujus
828 4407 1215 4488 (111111111111111111.181

292 4561 489 4612 ²''Decretnm
504 4556 594 4610 Urbis
611 4555 745 4610 11011111
763 4555 778 4608 8
795 4554 935 4608 ianuarii
952 4553 1030 4612 1811,
1047 4553 1083 4606 Ν.
1102 4553 1162 4606 388.
